@article{enamorado2019,
  title={Validating self-reported turnout by linking public opinion surveys with administrative records},
  author={Enamorado, Ted and Imai, Kosuke},
  journal={Public Opinion Quarterly},
  volume={83},
  number={4},
  pages={723--748},
  year={2019},
  publisher={Oxford University Press US}
}

@incollection{larsen2005,
title = {Advances in record linkage theory: {H}ierarchical {B}ayesian record linkage theory},
booktitle = {Proceedings of the Section on Survey Research Methods},
publisher = {Alexandria, VA: American Statistical Association},
pages = {3277–3284},
year = {2005}
}

@incollection{winkler1992,
author = {Winkler, W. E.},
year = 1992,
title = {Comparative analysis of record linkage decision rules},
booktitle = {Proceedings of the Section on Survey Research Methods},
publisher = {Alexandria, VA: American Statistical Association},
pages = {829–834}
}

@incollection{winkler1993,
author = {Winkler, W. E.},
year = 1993,
title = {Improved decision rules in the {F}ellegi-{S}unter model of record linkage},
booktitle = {Proceedings of the Section on Survey Research Methods},
publisher = {Alexandria, VA: American Statistical Association},
pages = {274–279}
}


@inproceedings{fortini2002,
  title={Modelling issues in record linkage: a {B}ayesian perspective},
  author={Fortini, Marco and Nuccitelli, Alessandra and Liseo, B and Scanu, M},
  booktitle={Proceedings of the {A}merican {S}tatistical {A}ssociation, {S}urvey {R}esearch {M}ethods {S}ection},
  pages={1008--1013},
  year={2002}
}

@phdthesis{heckwortmanthesis,
    author={Wortman, Joan Heck},
    title={Record Linkage Methods with Applications to Causal Inference and Election Voting Data}, 
    school={Duke University, Dept. of Statistical Science},
    year={2019}
}

@book{imbensrubin,
  title={Causal Inference for Statistics, Social, and Biomedical Sciences},
  author={Imbens, G and Rubin, D},
  year={2015},
  publisher={Cambridge University Press},
  pages = {283}
}


@article{wortmanreiter,
  title={Simultaneous record linkage and causal inference with propensity score subclassification},
  author={Wortman, Joan Heck and Reiter, Jerome P},
  journal={Statistics in Medicine},
  volume={37},
  number={24},
  pages={3533 - 3546},
  year={2018},
  publisher={Wiley Online Library}
}

@article{scheuren:winkler:97,
author = {Scheuren, F. and Winkler, W.E.},
title = {Regression analysis of data files that are computer matched - part II},
journal = {Survey Methodology},
year = 1997,
volume = 23,
pages = {157 - 165}}


@article{williamsonetal:12,
author = {Williamson, E and Morley, R and Lucas, A and Carpenter, J},
title = {Variance estimation for stratified propensity score estimators},
journal = {Statistics in Medicine},
year = 2012,
volume = 15,
pages = {1617 - 1632}}

@inproceedings{scheurenwinkler,
  title={Recursive analysis of linked data files},
  author={Winkler, William and Scheuren, Fritz},
  booktitle={Proceedings of the 1996 Census Bureau Annual Research Conference},
  year={1996}
}


@book{imbens:rubin:book,
year = 2015, 
author = {Imbens, Guido W. and Rubin, Donald B.},
title = {Causal Inference for Statistics, Social, and Biomedical Sciences},
publisher  = {Cambridge, UK: Cambridge University Press}}

@book{rosenbaum95,
year = 1995, 
author = {Rosenbaum, P},
title = {Observational Studies},
publisher  = {New York: Springer}}

@article{rubin1974estimating,
  title={Estimating causal effects of treatments in randomized and nonrandomized studies.},
  author={Rubin, Donald B},
  journal={Journal of Educational Psychology},
  volume={66},
  pages={688},
  year={1974},
  publisher={American Psychological Association}
}


@article{rosenbaum,
  title={Reducing bias in observational studies using subclassification on the propensity score},
  author={Rosenbaum, P and Rubin, D},
  journal={Journal of the American Statistical Association},
  volume={79},
  pages={516--524},
  year={1984},
  publisher={Taylor \& Francis Group}
}

@article{cochran,
  title={The effectiveness of adjustment by subclassification in removing bias in observational studies},
  author={Cochran, W},
  journal={Biometrics},
  pages={295--313},
  year={1968},
  publisher={JSTOR}
}


@article{rosenbaum1983,
  title={The central role of the propensity score in observational studies for causal effects},
  author={Rosenbaum, P and Rubin, D},
  journal={Biometrika},
  volume={70},
  pages={41--55},
  year={1983},
  publisher={Biometrika Trust}
}

%FS. CLASSIC.
@article{fs,
  title={A theory for record linkage},
  author={Fellegi, I and Sunter, A},
  journal={Journal of the American Statistical Association},
  volume={64},
  pages={1183--1210},
  year={1969},
  publisher={Taylor \& Francis Group}
}

%JW scores! 
@inproceedings{jw,
  title={String comparator metrics and enhanced decision rules in the {F}ellegi-{S}unter model of record linkage.},
  author={Winkler, W},
  year={1990},
  booktitle={Proceedings of the {A}merican {S}tatistical {A}ssociation, {S}urvey {R}esearch {M}ethods {S}ection},
pages = {354--359}
}

e, Proceedings of the Section on Survey
Research Methods, American Statistical Association,
354–359

%Where we get the data
 @misc{rl,
    title = {Record{L}inkage: record linkage in {R}},
    author = {A Borg and M Sariyar},
    year = {2015},
    note = {R package version 0.4-7},
 
  }
  
   %%%Using RL with an analysis%%%
  @article{gutman,
  title={A {B}ayesian procedure for file linking to analyze end-of-life medical costs},
  author={Gutman, R and Afendulis, C and Zaslavsky, A},
  journal={Journal of the American Statistical Association},
  volume={108},
  pages={34--47},
  year={2013},
  publisher={Taylor \& Francis}
}


%%%Different mistakes count differently in analysis, meaning some are fine%%%
@article{gu,
  title={Record linkage: current practice and future directions},
  author={Gu, L and Baxter, R and Vickers, D and Rainsford, C},
  journal={CSIRO Mathematical and Information Sciences Technical Report},
  volume={3},
  pages={83},
  year={2003},
  publisher={Citeseer}
}


%uses probability thresholds but talks about how the performance is definitely variable depending on the choice of cutoff%
@article{belin,
  title={A method for calibrating false-match rates in record linkage},
  author={Belin, T and Rubin, D},
  journal={Journal of the American Statistical Association},
  volume={90},
  pages={694--707},
  year={1995},
  publisher={Taylor \& Francis}
}


%Also says that regression correction with subclassification can be better than matching--generally a review paper
@article{dagostino,
  title={Tutorial in biostatistics: propensity score methods for bias reduction in the comparison of a treatment to a non-randomized control group},
  author={D'Agostino, R},
  journal={Statistics in Medicine},
  volume={17},
  pages={2265-2281},
  year={1998}
}

%Also says that you can do a regression correction within subclass, and advocates the simplicity of subclassification in large data sets
@article{rubin1997,
  title={Estimating causal effects from large data sets using propensity scores},
  author={Rubin, Donald B},
  journal={Annals of internal medicine},
  volume={127},
  pages={757--763},
  year={1997},
  publisher={Am Coll Physicians}
}


%Prop scores sensitive to methods when unconfoundedness is violated
@article{zhao,
  title={Sensitivity of propensity score methods to the specifications},
  author={Zhao, Zhong},
  journal={Economics Letters},
  volume={98},
  pages={309--319},
  year={2008},
  publisher={Elsevier}
}


%Again, causal stuff is v sensitive
@article{smith,
  title={Does matching overcome LaLonde's critique of nonexperimental estimators?},
  author={Smith, Jeffrey A and Todd, Petra E},
  journal={Journal of econometrics},
  volume={125},
  number={1},
  pages={305--353},
  year={2005},
  publisher={Elsevier}
}

@article{lahiri,
  title={Regression analysis with linked data},
  author={Lahiri, P and Larsen, M},
  journal={Journal of the American Statistical Association},
  volume={100},
  pages={222--230},
  year={2005},
  publisher={Taylor \& Francis}
}

%%Bayesian record linkage, uses posterior mode. Can also use bayesian decision theory (fortini)
@article{fortini,
  title={On Bayesian record linkage},
  author={Fortini, Marco and Liseo, Brunero and Nuccitelli, Alessandra and Scanu, Mauro},
  journal={Research in Official Statistics},
  voloume={4},
  pages={185--198},
  year={2001}
}


%Iterative mixture models using EM algorithm
%Also string data is very tricky
%Also says that thresholds are often picked with context
@article{larsen,
  title={Iterative automated record linkage using mixture models},
  author={Larsen, M and Rubin, D},
  journal={Journal of the American Statistical Association},
  volume={96},
  pages={32--41},
  year={2001},
  publisher={Taylor \& Francis}
}


%String data is v tricky

%-Mistakes can be a big deal
%-Uses SOUNDEX for strings
%-Mentions that theoretically, more complicated and rare names should get more credit for matching, but then the cutoff thresholds would change

@article{jaro1989,
  title={Advances in record-linkage methodology as applied to matching the 1985 census of {T}ampa, {F}lorida},
  author={Jaro, M},
  journal={Journal of the American Statistical Association},
  volume={84},
  pages={414--420},
  year={1989},
  publisher={Taylor \& Francis}
}



%Also uses strings, but basically just preprocesses using AUTOSTAN
@article{jaro1995,
  title={Probabilistic linkage of large public health data files},
  author={Jaro, M},
  journal={Statistics in Medicine},
  volume={14},
  pages={491--498},
  year={1995},
  publisher={Wiley Online Library}
}

%OG record linkage, just not as formalized. But does talk about how weird names can make things
@article{newcombe,
  title={Automatic linkage of vital records},
  author={Newcombe, H and Kennedy, J and Axford, S and James, A},
  journal={Science},
  volume={130},
  pages={954-959},
  year={1959},
  publisher={American Association for the Advancement of Science}
}


%Talks about different types and thresholds in context
%BUT ALSO casually mentions how good matching lowers the standard error
@book{coulter,
  title={An Application of a Theory for Record Linkage},
  author={Coulter, R W},
  volume={1299},
  year={1985},
  editor={Alvey, W and Kilss, B},
  publisher={Dept. of the Treasury, Internal Revenue Service, Statistics of Income Division}
}

%Winkler book
@book{herzog,
  title={Data Quality and Record Linkage Techniques},
  author={Herzog, T and Scheuren, F and Winkler, W},
  year={2007},
  publisher={Springer Science \& Business Media}
}

%ideas behind sutva
@article{rubin1978,
  title={Bayesian inference for causal effects: The role of randomization},
  author={Rubin, D},
  journal={The Annals of Statistics},
  pages={34--58},
  year={1978},
  publisher={JSTOR}
}

%more sutva, really the most sutva of them
@article{rubin1980randomization,
  title={Randomization analysis of experimental data: The {F}isher randomization test comment},
  author={Rubin, D},
  journal={Journal of the American Statistical Association},
  volume={75},
  pages={591--593},
  year={1980},
  publisher={JSTOR}
}

%1990 sutva
@article{rubin1990comment,
  title={Comment: Neyman (1923) and causal inference in experiments and observational studies},
  author={Rubin, D},
  journal={Statistical Science},
  volume={5},
  pages={472--480},
  year={1990}
}

%typos
@inproceedings{jin2003efficient,
  title={Efficient record linkage in large data sets},
  author={Jin, L and Li, C and Mehrotra, S},
  booktitle={Proceedings of the Eighth International Conference on Database Systems for Advanced Applications},
  pages={137--146},
  year={2003},
  organization={IEEE Computer Society}
}

%data entry issues (among many other things)
@book{christen2012data,
  title={Data Matching: Concepts and Techniques for Record Linkage, Entity Resolution, and Duplicate Detection},
  author={Christen, P},
  year={2012},
  publisher={Springer Science \& Business Media}
}


@article{stuartmatching,
  title={Matching methods for causal inference: a review and a look forward},
  author={Stuart, E},
  journal={Statistical Science},
  volume={25},
  number={1},
  pages={1--21},
  year={2010}
}



@misc{aboutncsbe,
  author = {{North Carolina State Board of Elections}},
  title = {About Us: North {C}arolina {S}tate {B}oard of {E}lections},
  year = 2017,
  url = {http://www.ncsbe.gov/About-us},
  urldate = {2017-11-09}
}

@online{provncsboe,
  author = {NCSBOE},
  title = {Provisional Voting: North Carolina State Board of Elections},
  year = 2017,
  url = {http://www.ncsbe.gov/Voting-Options/Provisional-Voting},
  urldate = {2017-11-09}
}

@article{rubin1974estimating,
  title={Estimating causal effects of treatments in randomized and nonrandomized studies.},
  author={Rubin, Donald B},
  journal={Journal of educational Psychology},
  volume={66},
  number={5},
  pages={688},
  year={1974},
  publisher={American Psychological Association}
}

@article{mobility,
  title={Desire to move and residential mobility: 2010--2011},
  journal = {Washington, DC: US Census Bureau},
  author={Mateyka, Peter J},
  year={2015}
}

@article{ncelection,
 title = {Mc{C}rory, {C}ooper gird for legal fight over votes},
 journal = {The News and Observer},
 author = {Jarvis, Craig},
 year = {November 10, 2016 }
 }
 
 @article{franken,
  title = {Minnesota canvassing board certifies Franken win}, 
  author = {{CNN Political Ticker}},
  year ={January 5, 2009}
 }
 
  @article{leslie:WRAL,
    author = {Leslie, Laura},
    journal = {WRAL},
    title = {60K provisional ballots unlikely to change election outcomes},
    year = {November 11, 2016}
    }
    
 @article{dmv,
    author = {Burns, Matthew},
    journal = {WRAL},
    title = {Court: DMV failed to register voters properly},
    year = {October 28, 2016}
    }
    
 @article{ncpurge,
    title = {Judge Says {N}orth {C}arolina Illegally Purged Voter Lists},
    author = {Williams, Pete},
    journal = {NBC News},
    year = {November 4, 2016}
    }
 
@article{sadinle2013,
  title={A generalized {F}ellegi--{S}unter framework for multiple record linkage with application to homicide record systems},
  author={Sadinle, Mauricio and Fienberg, Stephen E},
  journal={Journal of the American Statistical Association},
  volume={108},
  number={502},
  pages={385--397},
  year={2013},
  publisher={Taylor \& Francis}
}

@article{levenshtein,
  title={Binary codes capable of correcting deletions, insertions, and reversals},
  author={Levenshtein, Vladimir I},
  journal={Soviet {P}hysics {D}oklady},
  volume={10},
  number={8},
  pages={707--710},
  year={1966}
}

@article{sadinle2017,
author = {Mauricio Sadinle},
title = {Bayesian estimation of bipartite matchings for record linkage},
journal = {Journal of the American Statistical Association},
volume = {112},
number = {518},
pages = {600-612},
year  = {2017},
publisher = {Taylor & Francis}

}


@article{cochran,
  title={The effectiveness of adjustment by subclassification in removing bias in observational studies},
  author={Cochran, William G},
  journal={Biometrics},
  pages={295--313},
  year={1968},
  publisher={JSTOR}
}


   %%%Using RL with an analysis%%%
  @article{gutman,
  title={A Bayesian procedure for file linking to analyze end-of-life medical costs},
  author={Gutman, Roee and Afendulis, Christopher C and Zaslavsky, Alan M},
  journal={Journal of the American Statistical Association},
  volume={108},
  number={501},
  pages={34--47},
  year={2013},
  publisher={Taylor \& Francis}
}




%Also says that you can do a regression correction within subclass, and advocates the simplicity of subclassification in large data sets
@article{rubin1997,
  title={Estimating causal effects from large data sets using propensity scores},
  author={Rubin, Donald B},
  journal={Annals of internal medicine},
  volume={127},
  number={8\_Part\_2},
  pages={757--763},
  year={1997},
  publisher={Am Coll Physicians}
}


%Prop scores sensitive to methods when unconfoundedness is violated
@article{zhao,
  title={Sensitivity of propensity score methods to the specifications},
  author={Zhao, Zhong},
  journal={Economics Letters},
  volume={98},
  number={3},
  pages={309--319},
  year={2008},
  publisher={Elsevier}
}


%Again, causal stuff is v sensitive
@article{smith,
  title={Does matching overcome LaLonde's critique of nonexperimental estimators?},
  author={Smith, Jeffrey A and Todd, Petra E},
  journal={Journal of econometrics},
  volume={125},
  number={1},
  pages={305--353},
  year={2005},
  publisher={Elsevier}
}


%%Bayesian record linkage, uses posterior mode. Can also use bayesian decision theory (fortini)
@article{fortini,
  title={On Bayesian record linkage},
  author={Fortini, Marco and Liseo, Brunero and Nuccitelli, Alessandra and Scanu, Mauro},
  journal={Research in Official Statistics},
  volume={4},
  number={1},
  pages={185--198},
  year={2001}
}


%Iterative mixture models using EM algorithm
%Also string data is very tricky
%Also says that thresholds are often picked with context

%String data is v tricky

%-Mistakes can be a big deal
%-Uses SOUNDEX for strings
%-Mentions that theoretically, more complicated and rare names should get more credit for matching, but then the cutoff thresholds would change


%OG record linkage, just not as formalized. But does talk about how weird names can make things

%Talks about different types and thresholds in context
%BUT ALSO casually mentions how good matching lowers the standard error
@book{coulter,
  title={An Application of a Theory for Record Linkage},
  author={Coulter, R W},
  volume={1299},
  year={1985},
  editor={Alvey, W and Kilss, B},
  publisher={Dept. of the Treasury, Internal Revenue Service, Statistics of Income Division}
}



%%%%%%superlong bib
@article{mitrareiter2011,
    author = {Mitra, R. and Reiter, J. P.},
    title = {Estimating propensity scores with missing covariate data using
general location mixture models},
    year = {2011},
    journal = {Statistics in Medicine},
    volume = {30},
    number = {6},
    pages = {627--641}
}

@article{kimkarrreiter15,
author = {H. J. Kim and A. F. Karr and J. P. Reiter},
year =  2015, 
title = {Statistical disclosure limitation in the presence of edit rules}, 
journal = {Journal of Official Statistics}, 
volume = 31, 
pages = {121--138}}

@techreport{paiva:reiter,
Author = {T. Paiva and J. P. Reiter},
title = {Stop or continue data collection: A nonignorable missing data approach for continuous variables},
institution =  {Dept. of Statistical Science, Duke University},
year = 2016}}

@techreport{sadinle:reiter:sinica,
Author = {M. Sadinle and J. P. Reiter}, 
Title = {Sequential identification of nonignorable missing data},
institution =  {Dept. of Statistical Science, Duke University},
year = 2016}}


@techreport{schifeling:deyoreo:reiter,
Author = {T. Schifeling and J. P. Reiter and M. De Yoreo}, 
Title = {Data fusion for correcting measurement errors},
institution =  {Dept. of Statistical Science, Duke University},
year = 2016}}

@article{dalzell:reiter,
Author = {N Dalzell and J Reiter},
Title = {Regression modeling and file matching using possibly erroneous matching variables},
journal = {Journal of Computational and Graphical Statistics},
 volume={27},
  number={4},
  pages={728--738},
  year={2018},
  publisher={Taylor \& Francis}
}

@techreport{deyoreo:reiter:jmlr,
Author = {M. De Yoreo and J. P. Reiter},
Title = {Bayesian mixture modeling for multivariate conditional distributions}, 
institution =  {Dept. of Statistical Science, Duke University},
year = 2016}}

@article{paiva:gelfand:reiter, 
Author = {T. Paiva and A. Chakraborty and J. P. Reiter and A. E. Gelfand}, 
year = 2014,
title= {Imputation of confidential data sets with spatial locations using disease mapping models}, 
journal = {Statistics in Medicine}, 
volume = 33, 
pages = {1928--1945}}


@article{siddiquereiter,
Author = {Siddique, J. and Reiter, J. P. and  Brincks, A. and  Gibbons, R. and  Crespi, C. and Brown, C. H.},
year= 2015,
title = {Multiple imputation for harmonizing non-commensurate measures in individual participant data meta-analysis},
journal = {Statistics in Medicine},
volume = 34,
pages = {3399--3414}}


@article{akandereitertas,
Author = {O. Akande and F. Li and J. P. Reiter},
Title = {An empirical comparison of multiple imputation methods for categorical data},
Journal = {The American Statistician},
Year = {forthcoming},
pages = {to appear}}

@article{mcclurereitersjiaos,
Author = {McClure, D. and Reiter, J. P.},
Title = {Assessing disclosure risks for synthetic data with arbitrary intruder knowledge},
Journal = {Statistical Journal of the International Association of Official Statistics},
Volume = {32},
Year = 2016,
Pages = {109--126}
}

@article{weireitersjiaos,
Author = {Wei, L. and Reiter, J. P.},
Title = {Releasing synthetic magnitude micro data
constrained to fixed marginal totals},
Journal = {Statistical Journal of the International Association of Official Statistics},
Volume = {32},
Year = 2016,
Pages = {95--108}
}


@article{quickholanreiter,
Author = {Quick, H. and  Holan, S. H. and  Wikle, C. K. and  Reiter, J. P.},
year = 2015,
title = {Bayesian marked point process modeling for generating fully synthetic public use
data with point-referenced geography},
journal = {Spatial Statistics},
volume = 14, 
pages = {439--451}}



@article{whitepetrinreiter,
Author = {White, T. K. and Reiter, J. P. and Petrin, A.},
Year = {forthcoming},
Title = {Imputation in {U}. {S}. manufacturing data and its implications for productivity dispersion},
Journal = {Review of Economics and Statistics},
pages = {to appear}}



@article{murray:reiter,
Author= {J. S. Murray and J. P. Reiter},
year = {2016},
title = {Multiple imputation of missing categorical and continuous outcomes via {B}ayesian mixture models with local dependence},
journal = {Journal of the American Statistical Association},
pages = {1466--1479},
volume = 111}
 

@article{fortini,
    author = {Fortini, M. and Liseo, B. and Nuccitelli, A. and Scanu, M.},
    title = {On {B}ayesian record linkage},
    year = {2001},
    journal = {Research in Official Statistics},
    volume = {1},
    pages = {179--198}
}

@article{carrig,
Author = {Carrig, M. M. and Manrique-Vallier, D. and Ranby, K. and Reiter, J. P. 
  and Hoyle, R.},
  year = 2015,
  title = {A multiple imputation-based method for the
  retrospective harmonization of data sets},
  journal = {Multivariate Behavioral Research},
  volume = 50,
  pages = {383--397}}
  
@article{si:reiter:hillygus16,
Author = {Y. Si and J. P. Reiter and D. S. Hillygus},
year = 2016,
title = {Bayesian latent pattern mixture models for handling attrition in panel studies with refreshment samples},
journal = {Annals of Applied Statistics},
volume = 10,
pages = {118--143}}

@article{si:reiter:hillygus15,
Author = {Y. Si and J. P. Reiter and D. S. Hillygus},
year = 2015,
title = {Semi-parametric selection models for potentially non-ignorable attrition in panel studies with refreshment samples},
journal = {Political Analysis},
volume = 23,
pages = {92--112}}


@article{hahn:murray:mano,
Author = {P. R. Hahn and J. S. Murray and I. Manolopoulou},
year = 2016,
title = {Flexible prior specification for partially identified nonlinear regression with binary responses},
journal = {Journal of the American Statistical Association},
volume = 111,
pages = {14--26}}


@article{fosdick:deyoreo:reiter,
Author = {B. K. Fosdick and M. De Yoreo and J. P. Reiter},
year = {2016},
title = {Categorical data fusion using auxiliary information},
journal = {Annals of Applied Statistics},
pages = {1907--1929},
volume = 10}


@article{deyoreo:reiter:hillygus, 
author = {M. De Yoreo and J. P. Reiter and D. S. Hillygus},
year = {forthcoming},
title = {Nonparametric {B}ayesian models with focused clustering for mixed ordinal and nominal data},
journal ={Bayesian Analysis},
pages = {to appear}}


@article{schifelingcheng,
author = {T. S. Schifeling and C. Cheng and J. P. Reiter and D. S. Hillygus},
title = {Accounting for nonignorable unit nonresponse and attrition in panel studies with refreshment samples},
journal = {Journal of Survey Statistics and Methodology},
volume = 3,
pages = {265--295}}


@article{dengreiter,
author = {Y. Deng and D. S. Hillygus and J. P. Reiter and Y. Si and S. Zheng},
title = {Handling attrition in longitudinal studies: the case for  refreshment samples},
journal = {Statistical Science},
volume = 28,
pages = {238--256}}




@article{godambe,
Author = {Godambe, V. P.},
Title = {A unified theory of sampling from finite populations},
journal = {Journal of the Royal Statistical Society},
year = 1955,
volume = 17,
pages = {269--278}}

@article{sadinle,
Author = {Sadinle, M.},
year = 2016, 
title = {Bayesian estimation of bipartite matchings for record linkage},
journal = {Journal of the American Statistical Association},
pages = {forthcoming}}

@article{steorts:fien,
Author = {Steorts, R. C. and Hall, R. and Fienberg, S. E.},
title = {A {B}ayesian approach to graphical record linkage and de-duplication},
journal = {Journal of the American Statistical Association},
volume={111},
  number={516},
  pages={1660--1672},
  year={2016},
  publisher={Taylor \& Francis}
  }


@inproceedings{larsen1999,
Author = {Larsen, M.},
Title = {Multiple imputation analysis of records linked using mixture models},
Booktitle = {Proceedings of the Survey  Methods Section},
Publisher = {Ottawa: Statistical Society of Canada},
year = 1999, 
Pages = {65--71}}


@inproceedings{mcglincy,
Author = {Mc{G}lincy, M. H.},
Title = {A Bayesian record linkage methodology for multiple imputation of missing links},
Booktitle = {Proceedings of the Section of Survey Research Methods},
Publisher = {Alexandria, VA: American Statistical Association},
year = 2004,
pages = {4001--4008}}

@article{tancredi:liseo,
Author = {Tancredi, A. and Liseo, B.},
Title = {A hierarchical {B}ayesian approach to record linkage and population size problems},
Journal = {The Annals of Applied Statistics},
year = 2011,
volume = 5,
pages = {1553--1585}}



@ARTICLE{manriquereiter,
author = {Manrique-Vallier, Daniel and Reiter, Jerome P.},
title = {Estimating Identification Disclosure Risk Using Mixed Membership Models},
journal = {Journal of the American Statistical Association},
volume = {107},
number = {500},
pages = {1385-1394},
year = {2012},
URL = {http://www.tandfonline.com/doi/abs/10.1080/01621459.2012.710508},
eprint = {http://www.tandfonline.com/doi/pdf/10.1080/01621459.2012.710508}
}


@article{schifeling:reiter,
author = {T. S. Schifeling and J. P. Reiter},
year = 2016,
title = {Incorporating marginal prior information into latent class models},
journal = {Bayesian Analysis},
volume = 11,
pages = {499--518}}



@article{forster2007,
author = {Forster, J. and Webb, E.},
year =  2007,
title = {Bayesian disclosure risk assessment: predicting small frequencies in contingency tables},
journal = {Journal of the Royal Statistical Society: Series C},
volume = 56,
pages = {551 - 557},
}

@article{mitrareiter2012,
  author = 	 {Mitra, R. and Reiter, J. P.},
  title = 	 {A comparison of two methods of estimating propensity scores after multiple imputation},
  year = 	 {2012},
  journal = {Statistical Methods in Medical Research},
  note = 	 {(online early)},
}

@article{horvthom,
Author = {Horvitz, D. G. and Thompson, D. J.},
year =  {1952},
title = {A generalization of sampling without replacement from a finite universe}, 
journal  = {Journal of the American Statistical Association},
volume  = 47, 
pages = {663 - 685}}


@article {graham2007,
   author = {Graham, John and Olchowski, Allison and Gilreath, Tamika},
   affiliation = {Penn State University Department of Biobehavioral Health E-315 Health & Human Development Bldg. University Park PA 16802 USA},
   title = {How Many Imputations are Really Needed? {S}ome Practical Clarifications of Multiple Imputation Theory},
   journal = {Prevention Science},
   publisher = {Springer Netherlands},
   issn = {1389-4986},
   keyword = {Medicine},
   pages = {206-213},
   volume = {8},
   issue = {3},
   url = {http://dx.doi.org/10.1007/s11121-007-0070-9},
   year = {2007},
}

@article {white2011,
author = {White, Ian R. and Royston, Patrick and Wood, Angela M.},
title = {Multiple imputation using chained equations: Issues and guidance for practice},
journal = {Statistics in Medicine},
volume = {30},
number = {4},
publisher = {John Wiley & Sons, Ltd.},
issn = {1097-0258},
url = {http://dx.doi.org/10.1002/sim.4067},
doi = {10.1002/sim.4067},
pages = {377--399},
keywords = {missing data, multiple imputation, fully conditional specification},
year = {2011},
}

@article{horton:lipsitz:2001,
Author = {Horton, N.J. and Lipstiz, S.R.},
Year = 2001,
Title = {Multiple Imputation in Practice},
Journal = {The American Statistician},
Volume = 55,
Pages = {244--254}}

@book{gao:2001,
         Author = {{General Accounting Office}},
         Title = {Record Linkage and Privacy: Issues in Creating New Federal Research and Statistical Information},
         Year = 2001,
         Publisher = {United States General Accounting Office},
         Pages = {2}
     }

@book{ghoshmeeden,
Author = {Ghosh, M. and Meeden, G.},
Title = {Bayesian Methods for Finite Population Sampling},
Publisher = {London: Chapman \& Hall},
Year = 1997}

@article{zhoureiter,
Author = {Zhou, X. and Reiter, J. P.},
Year = 2010,
Title = {A note on {B}ayesian inference after multiple imputation},
Journal = {The American Statistician},
Volume = 64,
Pages = {159--163}}

@article{little04,
Author = {Little, R. J. A.},
Title = {To model or not to model? {C}ompeting modes of inferenece for  finite population sampling},
Journal = {Journal of the American Statistical Association},
Year = 2004,
Volume = 99,
Pages = {546--556}}


@article{tierney94,
Author = {Tierney, L.},
Year = 1994,
Title = {Markov chains for exploring posterior distributions (with discussion)},
Journal = {Annals of Statistics},
Volume = 22,
Pages = {1701--1762}}


@article{maceachern94,
Author = {MacEachern, S. N. and Berliner, L. M.},
Title = {Subsampling the {G}ibbs sampler},
Year = 1994,
Journal = {The American Statistician},
Volume = 488,
Pages = {188--190}}

@article{geyer92,
Author = {Geyer, C.},
Year = 1992,
Title = {Practical {M}arkov chain {M}onte {C}arlo},
Journal = {Statistical Science},
Volume = 7,
Pages = {473--483}}


@book{gcrs:1995,
         Author = {Gelman, A. and Carlin, J. B. and Stern, H. S. and Rubin, D. B.},
         Title = {Bayesian Data Analysis},
         Year = 2004,
         Publisher = {London: Chapman \& Hall},
         Pages = {2}}

@misc{buot,
Author =  {Buot, M.},
Title = {Statistical analysis in the presence of matching uncertainty},
Howpublished = {\url{http://www.cs.xu.edu/~buot/Xavier/downloads\_files/0508-jsm-talk.pdf}},
Year = 2005}

@misc{goldstein,
Author = {Goldstein, H.},
Title = {Probabilistic models for data linkage},
Howpublished  = {\url{http://stat-www.open.ac.uk/hrld/Goldstein.pdf}}}

@article{goldstein2,
Author = {Goldstein, H. and Harron, K. and Wade, A.},
Title = {The analysis of record-linked data using multiple imputation with data value priors},
journal = {Statistics in Medicine},
year = 2012,
volume = 31, 
pages = {3481--3493}}


@article{fellegiholt,
Author = {Fellegi, I. P. and Holt, D.},
Title = {A systematic approach to automatic edit and imputation},
Year = 1976,
Journal = {Journal of the American Statistical Association},
Pages = {17--35},
Volume = 71}

@article{lahirilarsen,
Author = {Lahiri, P. and Larsen, M. D.},
Year =  2005,
Title = {Regression analysis with linked data},
Journal =  {Journal of the American Statistical Association},
Volume = 100,
Pages = {222--230}}

@article{larsenrubin,
Author = {Larsen, M and Rubin, D},
Year =  2001,
Title = {Iterative automated record linkage using mixture models},
Journal = {Journal of the American Statistical Association},
Volume = 96,
Pages = {32--41}}

@article{neter65,
Author = {Neter, J. and Maynes, E. S. and Ramanathan, R.},
year = 1965,
title =  {The effect of mismatching on the measurement of response error},
journal = {Journal of the American Statistical Association},
volume = 60, 
pages = {1005--1027}}


@article{belinrubin,
Author = {Belin, T. R. and Rubin, D. B.},
Title = {A Method for Calibrating False-Match Rates in Record Linkage},
Journal =  {Journal of the American Statistical Association},
Year =  1995,
Volume = 90,
Pages =  {694--707}}

@article{jaro,
Author = {Jaro, M},
Year =  1989,
Title = {Advances in record linkage methodology as applied to matching the 1985 census of
{T}ampa, {F}lorida},
Journal = {Journal of the American Statistical Association},
Volume = 84,
Pages = {414--420}}

@article{fritzbill1,
Author = {Scheuren, F and Winkler, W},
Year =  1993,
Title = {Regression analysis of data files that are computer matched},
Journal = {Survey Methodology},
Volume = 19,
Pages = {39--58}}

@article{fritzbill2,
Author = {Scheuren, F. and Winkler, W. E.},
Year = 1997,
Title = {Regression analysis of data files that are computer matched--part ii},
Journal = {Survey Methodology},
Volume = 23,
Pages= {157--165}}

@article{chambers08,
Author = {Chambers, R},
Title = {Regression analysis of probability-linked data},
Journal = {Statisphere},
Volume = 4,
Year = 2008,
url = {http://www.statisphere.govt.nz/ocial-statistics-research/series/vol-4.htm}}

@techreport{chambers09,
Author = {Kim, G and Chambers, R},
Title = {Regression analysis under incomplete linkage},
Institution = {Centre for Statistical and Survey Methodology, University of Wollongong, Working Paper 17-09},
Year = 2009}

@techreport{chambers11,
Author = {Kim, G and Chambers, R},
Title = {Regression analysis under probabilistic multi-linkage},
Institution = {Centre for Statistical and Survey Methodology, University of Wollongong, Working Paper 10-11},
Year = 2011}




@article{abayomi,
Author = {Abayomi, K. and Gelman, A. E. and Levy, M.},
Title = {Diagnostics for multiple imputations},
Journal = {Journal of the Royal Statistical Society, Series C},
Volume = 57,
Year = 2008,
Pages = {273--291}}


@article{chipperfield,
Author = {Chipperfield, J and Bishop, G and Campbell, P},
year = 2011, 
title = {Maximum likelihood estimation for contingency tables and logistic regression with incorrectly linked data},
journal =  {Survey Methodology}, 
Volume = 37, 
pages = {13--24}}
 


@book{schafer,
         Author = {Schafer, J. L.},
         Title = {Analysis of Incomplete Multivariate Data},
         Year = 1997,
         Publisher = {London: Chapman \& Hall}
     }


@techreport{speer,
Author = {Greenberg, B. G. and Petkunas, T.},
Title = {Overview of the {SPEER} system},
Year = 1990,
Institution = {SRD Research Report Series, Report RR-1990/15, U. S. Bureau of the Census, Washington, D.C.}
}


@techreport{draperwinkler,
Author = {Draper, L. and Winkler, W. E.},
Title = {Balance and ratio editing with the new {SPEER} system},
Year = 1997,
Institution = {SRD Research Report Series, Report RR-1997/06, U. S. Bureau of the Census, Washington, D.C.}
}

@techreport{winkler99,
Author = {Winkler, W. E.},
Title = {The state of record linkage and current research problems},
Year = 1999,
Institution = {SRD Research Report Series, Report RR-1999/0, U. S. Bureau of the Census, Washington, D.C.}
}

@article{neter65,
Author = {Neter, J. and Maynes, E. S. and Ramanathan, R.},
Year = 1965,
Title = {The effect of mismatching on the measurement of response error},
Journal = {Journal of the American Statistical Association},
Volume = {60},
Pages = {1005--1027}}

@article{abowdvilh05,
Author = {Abowd, J. M. and Vilhuber, L.},
Year = 2005,
Title = {The Sensitivity of Economic Statistics to Coding Errors in Personal Identifiers},
Journal =  {Journal of Business and Economic Statistics},
Volume = 23,
Pages = {133--152}}



@techreport{kovarwinkler,
Author = {Kovar, J. and Winkler, W. E.},
Title = {Comparison of {GEIS} and {SPEER} for editing economic data},
Year = 2000,
Institution = {SRD Research Report Series, Report RR-2000/04, U. S. Bureau of the Census, Washington, D.C.}
}

@inproceedings{winkler99,
Author = {Winkler, W. E.},
Title = {The state of statistical data editing},
Year = 1999,
Publisher = {Rome: ISTAT},
Booktitle = {Statistical Data Editing},
Pages = {169--187}
}




@article{hareljscs,
Author = {Matthews, G. J. and Harel, O. and Aseltine, R. H.},
Title = {Examining the robustness of fully synthetic data techniques for data with binary variables},
Journal = {Journal of Statistical Computation and Simulation},
Volume = 79,
Pages = {609--624},
Year = 2010}}

@incollection{drechslersvm,
        Author = {Drechsler, J.},
        Title = {Using support vector machines for generating synthetic datasets},
        editor = {Domingo-Ferrer, J. and Magkos, E.},
        booktitle = {Privacy in Statistical Databases},
        publisher = {New York: Springer-Verlag},
        year = {2010},
        pages = {148--161}
}



@article{sallie:1998,
          Author = {Keller-McNulty, S. and Unger, E. A.},
          Title = {A Database System Prototype for remote access to information based on confidential data},
          Year = {1998},
          Journal = {Journal of Official Statistics},
Volume = 14,
          Pages = {347--360}
       }

@article{datashuffle,
Author = {Muralidhar, K. and Sarathy, R.},
Title = {Data shuffling: {A} new masking approach to numerical data},
Journal = {Management Science},
volume = 52,
Pages = {658--670}}


@article{franconi:2003,
          Author = {Franconi, L. and Stander, J.},
          Title = {Spatial and non-spatial model-based protection procedures for the release of business microdata},
          Year = {2003},
          Journal = {Statistics and Computing},
Pages={Forthcoming}
       }


@article{franconi:2002,
          Author = {Franconi, L. and Stander, J.},
          Title = {A model based method for disclosure limitation of business microdata},
          Year = {2002},
          Journal = {The Statistician},
Volume=51,
Pages={1--11}
       }

@book{lohr,
Author = {Lohr, S. L.},
Title = {Sampling: Design and Analysis},
Publisher = {New York: Duxbury Press},
Year = 1999}


@article{schouten:2003,
          Author = {Schouten, B. and Cigrang, M.},
          Title = {Remote Access Systems for statistical analysis of microdata},
          Year = {2003},
          Journal = {Statistics and Computing},
Pages={381--389},
volume = 13
       }

@article{ms:2003,
          Author = {Muralidhar, K. and Sarathy, R.},
          Title = {A theoretical basis for perturbation methods},
          Year = {2003},
          Journal = {Statistics and Computing},
Pages={Forthcoming}
       }


@article{polettini:2003,
          Author = {Polettini, S.},
          Title = {Maximum entropy simulation for microdata protection},
          Year = {2003},
          Journal = {Statistics and Computing},
Pages={Forthcoming}
       }

@article{duncan:2000,
          Author = {Duncan, G. T. and Mukherjee, S.},
          Title = {Optimal disclosure limitation strategy in statistical databases: Deterring tracker attacks through additive noise},
          Year = {2000},
          Journal = {Journal of the American Statistical Association},
Volume = 95,
          Pages = {720--729}
       }

@article{cleveland:1979,
          Author = {Cleveland, W. S.},
          Title = {Robust locally-weighted regression and smoothing scatterplots},
          Year = {1979},
          Journal = {Journal of the American Statistical Association},
Volume = 74,
          Pages = {829--836}
       }



@article{reitersyndiag,
          Author = {Reiter, J. P.},
          Title = {Model diagnostics for remote access servers},
          Year = {2003},
Volume=13,
          Journal = {Statistics and Computing},
Pages={371--380}
       }

@article{reiter:2002,
          Author = {Reiter, J. P.},
          Title = {Satisfying disclosure restrictions with synthetic data sets},
          Year = 2002,
          Journal = {Journal of Official Statistics},
Volume=18,
Pages={531--544}
       }

@article{reiter:2002a,
          Author = {Reiter, J. P.},
          Title = {Releasing multiply-imputed, synthetic public use microdata: An illustration and empirical study},
          Year = 2005,
          Journal = {Journal of the Royal Statistical Society, Series A},
Volume=168,
Pages={185--205}
       }

@article{reitercart,
          Author = {Reiter, J. P.},
          Title = {Using {CART} to generate partially synthetic, public use microdata},
          Year = 2005,
          Journal = {Journal of Official Statistics},
Pages={441--462},
Volume=21
       }

@article{kim:cox:karr:reiter:2015,
Author = {H. J. Kim and L. H. Cox and A. F. Karr and J. P. Reiter and Q. Wang},
year =  {2015}, 
title = {Simultaneous editing and imputation for continuous data},
journal = {Journal of the American Statistical Association},
volume = 110, 
pages = {987--999}}

@article{kim:cox:karr:reiter:2014,
Author = {H. J. Kim and J. P. Reiter and Q. Wang and L. H. Cox and A. F. Karr},
year =  {2014}, 
title = {Multiple imputation of missing or faulty values under linear constraints},
journal = {Journal of Business and Economic Statistics},
volume = 32, 
pages = {375--386}}


@article{manriquereiter16,
Author = {D. Manrique-Vallier and J. P. Reiter},
year =  {forthcoming}, 
title = {Bayesian simultaneous edit and imputation for multivariate categorical data},
journal  = {Journal of the American Statistical Association},
pages = {to appear}}


@article{hureiter16,
Author = {J. Hu and J. P. Reiter and Q. Wang},
year =  {forthcoming}, 
title = {Dirichlet process mixture models for modeling and generating synthetic versions of nested categorical data},
Journal = {Bayesian Analysis}}

@inproceedings{hureiter14,
Author = {J. Hu and J. P. Reiter and Q. Wang},
year =  {2015}, 
title = {Disclosure risk evaluation for fully synthetic data},
Booktitle = {Privacy in Statistical Databases},
editor = {J. Domngo-Ferrer},
publisher = {Heidelberg: Springer},
pages = {185--199}}





@article{kim:reiter:karr16,
Author = {H. J. Kim and J. P. Reiter and A. F. Karr},
year =  {forthcoming}, 
title = {Simultaneous edit-imputation and disclosure limitation for business establishment data},
Journal = {Journal of Applied Statistics},
pages = {to appear}}


@article{sadinle:reiter:bmka,
Author = {Sadinle, M. and Reiter, J. P.},
title = {Itemwise conditionally independent nonresponse modeling for multivariate categorical data},
year = {forthcoming},
journal = {Biometrika},
pages = {to appear}}


@article{reitermi,
          Author = {Reiter, J. P.},
          Title = {Simultaneous use of multiple imputation for missing data and
  disclosure limitation},
          Year = 2004,
      Volume=30,
   Journal={Survey Methodology},
Pages={235--242}
       }



@techreport{reiter:dalzell,
Author = {Dalzell, N and Reiter, J},
Title = {File matching with errors in blocking variables},
Institution = {Dept. of Statistical Science, Duke University},
year = 2016}


@article{reitermulti,
          Author = {Reiter, J. P.},
          Title = {Significance tests for multi-component estimands from multiply-imputed, synthetic microdata},
          Year = 2005,
          Journal = {Journal of Statistical Planning and Inference},
Volume=131,
          Pages={365--377}
       }


@article{reiterpartsyn,
          Author = {Reiter, J. P.},
          Title = {Inference for partially synthetic, public use microdata sets},
          Year = 2003,
          Journal = {Survey Methodology},
Volume = 29,
Pages={181--189}
       }


@article{reiter05,
Author = {Reiter, J. P.},
Title = {Estimating identification risks in microdata},
Journal = {Journal of the American Statistical Association},
Year = {2005},
Volume = 100,
Pages={1103--1113}
}

@article{reiter:raghu:07,
Author = {Reiter, J. P. and Raghunathan, T. E.},
Title = {The multiple adaptations of multiple imputation},
Journal = {Journal of the American Statistical Association},
Year = {2007},
Volume = 102,
Pages={1462--1471}
}


@misc{ragu:2003,
Author = {Raghunathan, Trivellore E.},
Title = {Evaluation of inferences from multiple synthetic data
sets created using semiparametric approach},
Year = 2003,
Note = {Report for the National Academy of Sciences Panel on Access to
Confidential Research Data}
}




@techreport{dk:2001,
          Author = {Duncan, G. T. and Keller-McNulty, S. A. and Stokes, S. L.},
          Title = {Disclosure Risk vs. Data Utility: The {R-U} Confidentiality Map},
          Year = 2001,
          Institution = {U.S. National Institute of Statistical Sciences}
       }

@incollection{securecompterror,
Author = {Karr, A. F. and Lin, X. and Sanil, A. P. and Reiter, J. P.},
Year = 2006,
Title = {Secure statistical analysis of distributed databases},
editor = {Wilson, A. and  Wilson, G. and Olwell, D. H.},
Booktitle = {Statistical Methods in Counterterrorism},
Publisher = {New York: Springer},
Pages = {237--262}}



@incollection{mantel:1999,
          Author = {Mantel, H. and Nadon, S.},
Title = {Dummy file creation for the remote access program of the {N}ational {P}opulation {H}ealth {S}urvey},
          Year = 1999,
          booktitle = {Proceedings of the Survey Methods Section of the Statistical Society of Canada},
pages={181--186}
       }

@inproceedings{bustros:2000,
          Author = {Bustros, J.},
pages={61--68},
Title = {Access to microdata files at {S}tatistics {C}anada},
          Year = 2000,
          booktitle = {Proceedings of the Survey Methods Section of the Statistical Society of Canada}
       }


@incollection{kennickel:1997,
          Author = {Kennickell, A. B.},
          editor = {Alvey, W. and Jamerson, B.},
publisher = {Washington, D.C.: National Academy Press},
pages={248--267},
Title = {Multiple imputation and disclosure protection: The case of the 1995 {S}urvey of {C}onsumer {F}inances},
          Year = 1997,
          booktitle = {Record Linkage Techniques, 1997}
       }

@incollection{abowd:2001,
          Author = {Abowd, J. M. and Woodcock, S. D.},
          editor = {Doyle, P. and Lane, J. and Zayatz, L. and Theeuwes, J.},
publisher = {Amsterdam: North-Holland},
pages = {215--277},
Title = {Disclosure limitation in longitudinal linked data},
          Year = 2001,
          booktitle = {Confidentiality, Disclosure, and Data Access: Theory and Practical Applications for Statistical Agencies}
       }

@article{little:1993,
          Author = {Little, R. J. A.},
          Title = {Statistical analysis of masked data},
          Year = 1993,
          Journal = {Journal of Official Statistics},
          Volume = 9,
          Pages = {407--426}
      }




@conference{rowland,
Author={Rowland, S.},
Year={2003},
Title={An examination of monitored, remote access microdata access systems},
Booktitle={National Academy of Sciences Workshop on Data Access}
}

@article{fuller:1993,
          Author = {Fuller, W. A.},
          Title = {Masking Procedures for Microdata Disclosure Limitation},
          Year = 1993,
          Journal = {Journal of Official Statistics},
          Volume = 9,
          Pages = {383--406}
      }

@article{elliot:purdam,
Author = {Elliott, M. and Purdam, K.},
Title = {A case study of the impact of statistical disclosure control on data quality in the individual {UK} {S}amples of {A}nonymized {R}ecords},
Year = 2007,
Journal = {Environment and Planning A},
Volume = 39,
Pages = {1101--1118}}


@article{rubin:1993,
          Author = {Rubin, D. B.},
          Title = {Discussion: Statistical disclosure limitation},
          Year = 1993,
          Journal = {Journal of Official Statistics},
          Volume = 9,
          Pages = {462--468}
      }

@article{sunter:1977,
          Author = {Sunter, A. B.},
          Title = {List Sequential Sampling with equal or unequal
                  probabilities without replacement},
          Year = 1977,
          Journal = {Applied Statistics},
          Volume = 26,
          Pages = {261--268}
      }

@article{fienberg:1998,
          Author = {Fienberg, S. E. and Makov, U. E. and Steele,
                  R. J.},
          Title = {Disclosure Limitation Using Perturbation and
                  Related Methods for Categorical Data},
          Year = 1998,
          Journal = {Journal of Official Statistics},
          Volume = 14,
          Pages = {485--502}
      }

@inproceedings{fienberg:1996,
          Author = {Fienberg, S. E. and Steele, R. J. and Makov, U. E.},
          Title = {Statistical notions of data disclosure avoidance and their relationship to traditional statistical methodology: Data swapping and log-linear models},
          Year = 1996,
          Booktitle = {Proceedings of Bureau of Census 1996 Annual Research Conference},
          Pages = {87--105}
      }


@inproceedings{hinkins:scheuren:1999,
          Author = {Hinkins, S. and Parsons, V. and Scheuren,
                  F.},
          Title = {Inverse Sampling Algorithm for {NHIS} Confidentiality
                  Protection},
          Year = 1999,
          Booktitle = {Proceedings of the Section on Survey Research
                  Methods of the American Statistical Association},
          Pages = {485--502}
      }


@book{rubin:1987,
         Author = {Rubin, D. B.},
         Title = {Multiple Imputation for Nonresponse in Surveys},
         Year = 1987,
         Publisher = {New York: John Wiley \& Sons},
         Pages = {258}
     }

@book{sarn:wret:1992,
         Author = {Sarndal, C. and Swensson, B. and Wretman,
                  J.},
         Title = {Model Assisted Survey Sampling},
         Year = 1992,
         Publisher = {New York: Springer-Verlag}
              }

@book{hastie:1990,
         Author = {Hastie, T. J. and Tibshirani, R. J.},
         Title = {Generalized Additive Models},
         Year = 1990,
         Publisher = {New York: Chapman \& Hall}
              }


@book{willenborg:waal:2001,
         Author = {Willenborg, L. and {de Waal}, T.},
         Title = {Elements of Statistical Disclosure Control},
         Year = 2001,
         Publisher = {New York: Springer-Verlag}
              }

@book{venables:ripley:1997,
         Author = {Venables, W. N. and Ripley, B. D.},
         Title = {Modern Applied Statistics with {S}-{P}lus},
         Year = 1997,
         Publisher = {New York: Springer-Verlag}
              }


@book{fuller:1987,
         Author = {Fuller, W. A.},
         Title = {Measurement Error Models},
         Year = 1987,
         Publisher = {New York: John Wiley \& Sons}
              }

@article{raghu:rubin:2001,
          Author = {Raghunathan, T. E. and Reiter, J. P. and Rubin, D. B.},
          Title = {Multiple imputation for statistical disclosure limitation},
          Journal = {Journal of Official Statistics},
          Year = {2003},
Volume = 19,
Pages={1--16}
      }

@article{meng:1994,
    Journal = {Statistical Science},
    Volume = 9,
    Pages = {538--558},
    Keywords = {Importance sampling; Incomplete data; Missing data;
               Nonresponse},
    Author = {Meng, X. L.},
    Title = {Multiple-imputation Inferences With Uncongenial Sources of
            Input (Disc: P558-573)},
    Year = 1994
}


@incollection{meng:2002,
          Author = {Meng, X. L.},
Title = {A congenial overview and investigation of multiple imputation inferences under uncongeneality},
          Year = 2002,
          booktitle = {Survey Nonresponse},
pages={343--356},
Editor={Groves, R. M. and Dillman, D. A. and Eltinge, J. L. and Little, {R. J. A.}},
Publisher = {John Wiley \& Sons}
       }


@article{fay:1996,
    Journal = {Journal of the American Statistical Association},
    Volume = 91,
    Pages = {490--498},
    Keywords = {[Applications and Case Studies]; Missing data; Imputation;
               Variance estimation; [Fractionally weighted imputation];
               [Rao-Shao variance estimator]},
    Author = {Fay, R. E.},
    Title = {Alternative Paradigms for the Analysis of Imputed Survey Data},
    Year = 1996
}

@article{rubin:1996,
    Journal = {Journal of the American Statistical Association},
    Volume = 91,
    Pages = {473--489},
    Keywords = {[Applications and Case Studies]; Missing data; Nonresponse;
               Sample survey; [Confidence validity]; [Nonresponse in
               surveys]; [Public-use files]; [Superefficient procedures]},
    Author = {Rubin, D. B.},
    Title = {Multiple imputation after 18+ years},
    Year = 1996
}


@incollection{dandekar:2002,
          Author = {Dandekar, R. A. and Cohen, M. and Kirkendall, N.},
          editor = {Domingo-Ferrer, J.},
publisher = {Berlin: Springer-Verlag},
pages={117--125},
Title = {Sensitive Micro Data Protection Using {L}atin Hypercube Sampling Technique},
          Year = 2002,
          booktitle = {Inference Control in Statistical Databases}
       }
@incollection{brand:2002,
          Author = {Brand, R.},
          editor = {Domingo-Ferrer, J.},
publisher = {Berlin: Springer-Verlag},
pages={97--116},
Title = {Micro-data protection through noise addition},
          Year = 2002,
          booktitle = {Inference Control in Statistical Databases}
       }


@incollection{domingo,
          Author = {Domingo-Ferrer, J. and Torra, V.},
          editor = {Doyle, P. and Lane, J. and Zayatz, L. and Theeuwes, J.},
publisher = {Amsterdam: North-Holland},
pages = {111--133},
Title = {A quantitative comparison of disclosure control methods for microdata},
          Year = 2001,
          booktitle = {Confidentiality, Disclosure, and Data Access: Theory and Practical Applications for Statistical Agencies}
       }

@incollection{winkler:2003,
          Author = {Yancey, W. E. and Winkler, W. E. and Creecy, R. H.},
          editor = {Domingo-Ferrer, J.},
publisher = {Berlin: Springer-Verlag},
pages={135--152},
Title = {Disclosure risk assessment in perturbative microdata protection},
          Year = 2002,
          booktitle = {Inference Control in Statistical Databases}
       }

@incollection{dandekar:2002b,
          Author = {Dandekar, R. A. and Domingo-Ferrer, J. and Sebe, F.},
          editor = {Domingo-Ferrer, J.},
publisher = {Berlin: Springer-Verlag},
pages={153--162},
Title = {{LHS}-based hybrid microdata versus rank swapping and microaggregation for numeric microdata protection},
          Year = 2002,
          booktitle = {Inference Control in Statistical Databases}
       }

@incollection{francpol:2002,
          Author = {Polettini, S. and Franconi, L. and Stander, J.},
          editor = {Domingo-Ferrer, J.},
publisher = {Berlin: Springer-Verlag},
pages={83--96},
Title = {Model-based disclosure protection},
          Year = 2002,
          booktitle = {Inference Control in Statistical Databases}
       }

@article{lavine:1992,
Author = {Lavine, M.},
Title = {Some aspects of {P}olya tree distributions for statistical modeling},
Journal = {The Annals of Statistics},
Volume = 20,
Pages = {1222--1235},
Year = 1992
}



@inproceedings{little2,
          Author = {Liu, F. and Little, R. J. A.},
          Title = {Selective Multiple Imputation  of keys for Statistical Disclosure Control in Microdata},
          Year = 2002,
          Booktitle = {ASA Proceedings of the Joint Statistical Meetings},
          Pages = {2133--2138}
      }

@article{raghuetal:1991,
    Journal = {Journal of the American Statistical Association},
    Volume = 86,
    Pages = {1065--1073},
    Author = {Li, K. H. and Raghunathan, T. E. and Rubin, D. B.},
    Title = {Large sample significance levels from multiply imputed data using moment-based statistics and an $F$ reference distribution},
    Year = 1991
}

@article{limengraghurub:1991,
          Author = {Li, K. H. and Meng, X. L. and Raghunathan, T. E.  and  Rubin, D. B.},
          Title = {Significance levels from repeated $p$-values with multiply-imputed data},
          Year = 1991,
          Journal = {Statistica Sinica},
          Volume = 1,
          Pages = {65--92}
      }




@phdthesis{li:1985,
Author = {Li, K. H.},
Title = {Hypothesis testing with multiple imputation--{W}ith emphasis on mixed-up frequencies in contingency tables},
School={University of Chicago, Dept. of Statistics},
Year={1985}}

@phdthesis{raghunathan:1987,
Author = {Raghunathan, T. E.},
Title = {Large sample significance levels from multiply-imputed data},
School={Harvard University, Dept. of Statistics},
Year={1987}}

@article{meng:rubin:1992,
    Journal = {Biometrika},
    Volume = 79,
    Pages = {103--111},
    Author = {Meng, X. L. and Rubin, D. B.},
    Title = {Performing likelihood ratio tests with Multiply-Imputed Data sets},
    Year = 1992
}

@article{chipman:2000,
Journal={Statistics and Computing},
Volume=10,
Pages={17--24},
Author={Chipman, H. and George, E. I. and McCulloch, R. E.},
Title={Hierarchical priors for {B}ayesian {CART} Shrinkage},
Year=2000}

@article{chipman:1998,
Journal={Journal of the Statistical Association},
Volume=93,
Pages={935--960},
Author={Chipman, H. and George, E. I. and McCulloch, R. E.},
Title={Bayesian {CART} Model Search (with discussion)},
Year=1998}


@article{IABtdp,
Journal = {Transactions on Data Privacy},
Author = {Drechsler, J. and Bender, S. and R{\"a}ssler, S.},
Title = {Comparing fully and partially synthetic datasets for statistical disclosure control in the {G}erman {IAB} {E}stablishment {P}anel},
Volume = 1,
Year = 2008,
Pages= {105--130}}

@article{denison:1998,
Journal={Statistics and Computing},
Volume=8,
Pages={337--346},
Author={Denison, D. G. T. and Mallick, B. K. and Smith, A. F. M.},
Title={Bayesian {MARS}},
Year=1998}

@article{friedman:1991,
Journal={The Annals of Statistics},
Volume=19,
Pages={1--141},
Author={Friedman, J. H.},
Title={Multivariate Adaptive regression splines (with discussion)},
Year=1991}

@inproceedings{barcena,
          Author = {Barcena, M. J. and Tussel, F.},
          Title = {Multivariate Data imputation using trees},
          Year = 2000,
          Booktitle = {COMPSTAT--Proceedings in Computational Statistics, 14th Symposium},
          Pages = {193--204}
      }

@book{breiman:1984,
         Author = {Breiman, L. and Friedman, J. H. and Olshen, R. A. and Stone, C. J.},
         Title = {Classification and Regression Trees},
         Year = 1984,
         Publisher = {Belmont, CA: Wadsworh, Inc.}
              }

@inproceedings{laaksonen,
          Author = {Piela, P. and Laaksonen, S.},
          Title = {Automatic interaction detection for imputation--{T}ests with the {WAID} software package},
          Year = 2001,
          Booktitle = {Proceedings of Federal Committee on Statistical Methodology 2001 Conference}
      }

@inproceedings{conversano,
          Author = {Conversano, C. and Siciliano, R.},
          Title = {Tree based classifiers for conditional incremental missing data imputation},
          Year = 2002,
          Booktitle = {Proceedings of Data Clean 2002 Conference}
      }

@incollection{clark:pregibon,
          Author = {Clark, L. and Pregibon, D.},
          editor = {Chambers, J. and Hastie, T.},
publisher = {Belmont, CA: Wadsworth, Inc.},
Title = {Tree-Based Models},
          Year = 1992,
          booktitle = {Statistical Models in S}
       }

@article{rubin:1976,
    Journal = {Biometrika},
    Volume = 63,
    Pages = {581--592},
    Author = {Rubin, D. B.},
    Title = {Inference and Missing data (with discussion)},
    Year = 1976
}

@article{wegman:1972,
          Author = {Wegman, E. J.},
          Title = {Nonparametric Probability density estimation},
          Year = {1972},
          Journal = {Technometrics},
Volume = 14,
          Pages = {533--546}
       }


@techreport{oos,
Author={{Van Buuren}, S. and Oudshoorn, {C. G. M.}},
Year=1999,
Title={Flexible multivariate imputation by {MICE}},
Institution ={Leiden: TNO Preventie en Gezondheid, TNO/VGZ/PG 99.054.}
}

@article{rubin:1981,
    Journal = {The Annals of Statistics},
    Volume = 9,
    Pages = {130--134},
    Author = {Rubin, D. B.},
    Title = {The {B}ayesian bootstrap},
    Year = 1981
}

@article{denison:1998a,
Journal={Biometrika},
Volume=85,
Pages={363--377},
Author={Denison, D. G. T. and Mallick, B. K. and Smith, A. F. M.},
Title={A {B}ayesian {CART} algorithm},
Year=1998}

@article{lambert93,
   Author = {Lambert, D.},
   Title = {Measures of Disclosure Risk and Harm},
   Journal = {Journal of Official Statistics},
   Volume = 9,
   Pages = {313--331},
   Year = 1993
}

@article{chen98,
Author={Chen, G. and Keller-McNulty, S.},
Title={Estimation of Identification Disclosure Risk in Microdata},
Journal= {Journal of Official Statistics},
   Volume = 14,
   Pages = {79--95},
   Year = 1998}

@article{fms97,
Author={Fienberg, S. E. and Makov, U. E. and Sanil, A. P.},
Title={A {B}ayesian approach to data disclosure: {O}ptimal intruder behavior for continuous data},
Journal= {Journal of Official Statistics},
   Volume = 13,
   Pages = {75--89},
   Year = 1997}

@article{se02,
Author={Skinner, C. J. and Elliot, M. J.},
Title={A measure of disclosure risk for microdata},
Journal={Journal of the Royal Statistical Society, Series B},
Volume={64},
Pages={855-867},
Year=2002}

@article{dl86,
Author={Duncan, G. T. and Lambert, D.},
Title={Disclosure-limited data dissemination},
Journal={Journal of the American Statistical Association},
Volume=81,
Year=1986,
Pages={10--28}}

@article{dl89,
Author={Duncan, G. T. and Lambert, D.},
Title={The Risk of disclosure for microdata},
Journal={Journal of Business and Economic Statistics},
Volume=7,
Year=1989,
Pages={207--217}}

@article{sk92,
Author={Skinner, C. J.},
Title={On identification disclosure and prediction disclosure for microdata},
Journal={Statistica Neerlandica},
Volume=46,
Year=1992,
Pages={21--32}}



@inproceedings{spruill,
          Author = {Spruill, N. L.},
          Title = {Measures of Confidentiality},
          Year = 1982,
          Booktitle = {Proceedings of the Section on Survey Research
                  Methods of the American Statistical Association},
          Pages = {260--265}
      }

@article{paass,
Author={Paass, G.},
Title={Disclosure risk and disclosure avoidance for microdata},
Journal={Journal of Business and Economic Statistics},
Volume=6,
Year=1988,
Pages={487--500}}

@article{beth,
Author={Bethlehem, J. G. and Keller, W. J. and Pannekoek, J.},
Title={Disclosure control of microdata},
Journal={Journal of the American Statistical Association},
Volume=85,
Year=1990,
Pages={38--45}}

@article{pannekoek,
Author={Pannekoek, J.},
Title={Statistical methods for some simple disclosure limitation rules},
Journal={Statistica Neerlandica},
Volume=53,
Year=1999,
Pages={55--67}}

@article{dale01,
Author={Dale, A. and Elliot, M.},
Title={Proposals for 2001 samples of anonymized records: an assessment of disclosure risk},
Journal={Journal of the Royal Statistical Society, Series A},
Volume={164},
Pages={427--447},
Year=2001}

@article{fellegi,
Author={Fellegi, I. P. and Sunter, A. B.},
Title={A theory for record linkage},
Journal={Journal of the American Statistical Association},
Volume=64,
Year=1969,
Pages={1183--1210}}

@article{dalenius,
Author={Dalenius, T. and Reiss, S. P.},
Title={Data-swapping: {A} technique for disclosure control},
Journal = {Journal of Statistical Planning and Inference},
Year=1982,
Pages={73--85},
Volume=6}

@article{grzay,
Author={Greenberg, B. V. and Zayatz, L. V.},
Title={Strategies for measuring risk in public use microdata files},
Journal={Statistica Neerlandica},
Year=1992,
Pages={33--48},
Volume=46}

@article{blien,
Author={Blien, U. and Wirth, H. and Muller, M.},
Title={Disclosure risk for microdata stemming from official statistics},
Journal={Statistica Neerlandica},
Year=1992,
Pages={69--82},
Volume=46}

@article{fm98,
Author={Fienberg, S. E. and Makov, U. E.},
Title={Confidentiality, uniqueness, and disclosure limitation for categorical data},
Journal= {Journal of Official Statistics},
   Volume = 14,
   Pages = {361--372},
   Year = 1998}

@article{samuels,
Author={Samuels, S. M.},
Title={A {B}ayesian species-sampling-inspired approach to the uniques problem in microdata},
Journal= {Journal of Official Statistics},
   Volume = 14,
   Pages = {373--384},
   Year = 1998}

@article{sk2,
Author={Skinner, C. and Marsh, C. and Openshaw, S. and Wymer, C.},
Title={Disclosure control for census microdata},
Journal= {Journal of Official Statistics},
   Volume = 10,
   Pages = {31--51},
   Year = 1994}

@book{mccullagh,
         Author = {McCullagh, P. and Nelder, J. A.},
         Title = {Generalized Linear Models: Second Edition},
         Year = 1989,
         Publisher = {London: Chapman \& Hall}
     }

@article{gelman00,
Author={Gelman, A. and Goegebeur, Y. and Tuerlinckx, F. and Van Mechelen, I.},
Title={Diagnostic checks for discrete data regression models using posterior predictive simulations},
Journal= {Applied Statistics},
   Volume = 49,
   Pages = {247--268},
   Year = 2000}

@article{landwehr,
          Author = {Landwehr, J. M. and Pregibon, D. and Shoemaker, A. C.},
          Title = {Graphical methods for assessing logistic regression models (with discussion)},
          Year = {1984},
          Journal = {Journal of the American Statistical Association},
Volume = 79,
          Pages = {61--71}
       }

@article{pregibon,
          Author = {Pregibon, D.},
          Title = {Logistic regression diagnostics},
          Year = {1981},
          Journal = {Annals of Statistics},
Volume = 9,
          Pages = {705--724}
       }

@book{hosmer,
         Author = {Hosmer, D. W. and Lemeshow, S.},
         Title = {Applied Logistic Regression},
         Year = 2000,
         Publisher = {New York: John Wiley \& Sons}
     }


@article{rubin:2003,
          Author = {Rubin, Donald B.},
          Title = {Nested multiple imputation of {NMES} via partially incompatible {MCMC}},
          Year = {2003},
          Journal = {Statistica Neerlandica},
Volume = 57,
          Pages = {3--18}
       }

@phdthesis{shen:2000,
Author = {Shen, Zijin},
Title = {Nested Multiple Imputation},
School={Harvard University, Dept. of Statistics},
Year={2000}}

@book{boxtiao,
         Author = {Box, G. {E. P.} and Tiao, G. C.},
         Title = {Bayesian Inference in Statistical Analysis},
         Year = 1973,
         Publisher = {New York: John Wiley \& Sons}
     }

@article{trottfien,
          Author = {Trottini, M. and Fienberg, Stephen E.},
          Title = {Modelling user uncertainty for disclosure risk and data utility},
          Year = {2002},
          Journal = {International Journal of Uncertainty, Fuzziness, and Knowledge-Based Systems},
Volume = 10,
          Pages = {511--527}
       }

@book{littlerubin,
         Author = {Little, R. J. A. and Rubin, D. B.},
         Title = {Statistical Analysis with Missing Data: Second Edition},
         Year = 2002,
         Publisher = {New York: John Wiley \& Sons}
     }

@article{dempster,
          Author = {Dempster, A. P. and Laird, N. M. and Rubin, D. B..},
          Title = {Maximum likelihood from incomplete data via the EM algorithm (with discussion)},
          Year = {1977},
          Journal = {Journal of the Royal Statistical Society Series B},
Volume = 39,
          Pages = {1--38}
       }

@article{mengrubin,
          Author = {Meng, X. L. and Rubin, D. B..},
          Title = {Using EM to obtain asymptotic  variance-covariance matrices: the SEM algorithm},
          Year = {1991},
          Journal = {Journal of the American Statistical Association},
Volume = 86,
          Pages = {899--909}
       }


@article{bealelittle,
          Author = {Beale, E. M. L. and Little, R. J. A.},
          Title = {Missing value in multivariate analysis},
          Year = {1975},
          Journal = {Journal of the Royal Statistical Society Series B},
Volume = 37,
          Pages = {129--145}
       }

@article{little79,
          Author = {Little, R. J. A.},
          Title = {Maximum likelihood inference for multiple regression with missing values},
          Year = {1979},
          Journal = {Journal of the Royal Statistical Society Series B},
Volume = 41,
          Pages = {76--87}
       }

@article{chambers,
          Author = {Chambers, R. and Hentges, A. and Zhao, X.},
          Title = {Robust Automatic Methods for Outlier and Error Detection},
          Year = {2004},
          Journal = {Journal of the Royal Statistical Society Series A},
Volume = 167,
          Pages = {323--339}
       }


@inproceedings{binder,
          Author = {Binder, D. A. and Sun, W.},
          Title = {Frequency valid multiple imputation for surveys with a complex design},
          Year = 1996,
          Booktitle = {Proceedings of the Section on Survey Research
                  Methods of the American Statistical Association},
          Pages = {281--286}
      }

@article{horizontal,
          Author = {Karr, A. F. and Lin, X. and Sanil, A. P. and Reiter, J. P.},
          Title = {Secure regressions on distributed databases},
          Year = {2005},
          Journal = {Journal of Computational and Graphical Statistics},
          Pages = {263--279},
Volume=14
       }

@article{horizontalchem,
          Author = {Karr, A. F. and Feng, J. and Lin, X. and Sanil, A. P. and Young, S. S. and Reiter, J. P.},
          Title = {Secure analysis of distributed
chemical databases without data integration},
          Year = {2005},
          Journal = {Journal of Computer-Aided Molecular Design},
          Pages = {739--747},
Volume=19
       }



@article{vertical,
          Author = {Karr, A. F. and  Lin, X. and Reiter, J. P. and  Sanil, A. P.},
          Title = {Privacy preserving analysis of vertically partitioned data using secure matrix protocols},
          Year = {2009},
          Journal = {Journal of Official Statistics},
Pages = {125--138},
Volume = 25
       }

@misc{omb22,
          Author = {{Federal Committee on Statistical Methodology}},
          Title = {Statistical {P}olicy {W}orking {P}aper 22: {R}eport on {S}tatistical {D}isclosure {L}imitation {M}ethodology (second version)},
          Year = 2005,
Publisher={Confidentiality and Data Access Committee,  Office of Management and Budget, Executive Office of the President, Washington, D.C.}
       }

@misc{omb2,
          Author = {{Federal Committee on Statistical Methodology}},
          Title = {Statistical Policy Working Paper 2: Report on Statistical Disclosure and Disclosure-avoidance Techniques},
          Year = 1978,
Publisher={Subcommittee on Disclosure-Avoidance Techniques.  U.S. Department of Commerce, Washington, D.C.}
       }

@article{wallmanchance,
          Author = {Wallman, K. K. and Harris-Kojetin, B. A.},
          Title = {Implementing the {C}onfidentiality {I}nformation {P}rotection and {S}tatistical {E}fficiency {A}ct of 2002},
          Year = {2004},
          Journal = {Chance},
Volume = 17,
Number=3,
          Pages = {21--25}
       }

@article{reiterchance,
          Author = {Reiter, J. P.},
          Title = {New approaches to data dissemination: {A} glimpse into the future (?)},
          Year = {2004},
          Journal = {Chance},
Volume = 17,
Number=3,
          Pages = {12--16}
       }

@article{ddjs:93,
          Author = {Duncan, George T. and {de Wolf}, Virginia A. and Jabine, Thomas B. and  Straf, Miron L.},
          Title = {Report of the Panel on Confidentiality and Data Access},
          Year = {1993},
          Journal = {Journal of Official Statistics},
Volume = 9,
          Pages = {271--274}
       }

@article{fienberg:94,
          Author = {Fienberg, S. E.},
          Title = {Conflicts Between the Need for Access to
Statistical Information and Demands for Confidentiality},
          Year = {1994},
          Journal = {Journal of Official Statistics},
Volume = 9,
          Pages = {115--132}
       }

@techreport{fien:94,
          Author = {Fienberg, S. E.},
          Title = {A radical proposal for the provision of micro-data samples and the preservation of confidentiality},
          Year = {1994},
          Institution = {Department of Statistics, Carnegie-Mellon University}
       }



@article{sesachance,
          Author = {Fienberg, S. E. and Slavkovic, A. B.},
          Title ={Making the release of confidential data from multi-way tables count},
          Year = {2004},
          Journal = {Chance},
Volume = 17,
Number=3,
          Pages = {5--10}
       }

@phdthesis{sesathesis,
Author = {Slavkovic, A. B.},
Title = {Statistical Disclosure Limitation Beyond the Margins},
School={Carnegie Mellon University, Dept. of Statistics},
Year={2004}}

@phdthesis{dobrathesis,
Author = {Dobra, A.},
Title = {Statistical Tools for Disclosure Limitation in Multi-way Contingency Tables},
School={Carnegie Mellon University, Dept. of Statistics},
Year={2002}}

@phdthesis{trottinithesis,
Author = {Trottini, M.},
Title = {Decision Models for Data Disclosure Limitation},
School={Carnegie Mellon University, Dept. of Statistics},
Year={2003}}

@techreport{yuguo,
          Author = {Chen, Y. and  Dinwoodie, I. H. and  Sullivant, S.},
          Title = {Sequential importance sampling for multi-way tables: Discussion paper 04-20},
          Year = 2004,
          Institution = {Institute of Statistics and Decision Sciences, Duke University}
       }

@book{aldous,
Author={Aldous, D.},
Year= 1989,
Title={Probability Approximations Via the Poisson Clumping
Heuristic},
Publisher={Springer-Verlag, New York}
}



@book{barbouretal,
Author={Barbour, A. D. and Holst, L. and Janson, S.},
Year= 1992,
Title= {Poisson Approximation},
Publisher={Clarendon Press, Oxford}}

@article{duncan:person:91,
Author= {Duncan, George T. and Pearson, Robert W.},
Year= 1991,
Title={Enhancing access to microdata while protecting confidentiality: Prospects for
  the future (Disc: p232-239)},
Journal={Statistical Science},
Volume= 6,
Pages={219--232}}


@inproceedings{massc,
          Author = {Singh, A. C. and Yu, F. and Dunteman, G. H.},
          Title = {{MASSC}: {A} new data mask for limiting statistical information loss and disclosure},
          Year = 2003,
          Booktitle = {Proceedings of the Joint UNECE/EUROSTAT Work Session on Statistical Data Confidentiality}
      }

@inproceedings{kinreitlbd,
Author = {Kinney, S. K. and Reiter, J. P.},
Year = 2007,
Title = {Making public use, synthetic files of the {L}ongitudinal {B}usiness {D}atabase},
Booktitle = {Proceedings of the Joint Statistical Meetings},
Publisher = {Alexandria, VA: American Statistical Association}
}

@article{lbdisr,
Author = {Kinney, S. K. and Reiter, J. P. and Reznek, A. P. and Miranda, J. and Jarmin, R. S. and Abowd, J. M.},
Year = 2011,
Title = {Towards unrestricted public use business microdata: {T}he synthetic {L}ongitudinal {B}usiness {D}atabase},
Journal = {International Statistical Review},
Volume = 79,
Pages = {363--384}
}


@inproceedings{hawalaacs,
Author = {Hawala, S.},
Year = 2008,
Title = {Producing partially synthetic data to avoid disclosure},
Booktitle = {Proceedings of the Joint Statistical Meetings},
Publisher = {Alexandria, VA: American Statistical Association}
}


@article{efron,
Author={Efron, B.},
Year= 1979,
Title= {Bootstrap methods: another look at the jackknife},
Journal={Annals of Statistics},
Volume=7,
Pages={1--26}}

@inproceedings{sweeney:1997,
  Author =   {Sweeney, L.},
  Title =    {Computational disclosure control for medical
                  microdata: the {D}atafly system},
  Year =     {1997},
  Booktitle =    {Proceedings of an International Workshop and
                  Exposition},
  Pages =    {442--453}
}

@inproceedings{nhanes:1996,
          Author = {Schafer, J. L. and Ezzati-Rice, T. M. and Johnson, W. and Khare, M. and Little, R. J. A. and Rubin, D. B.},
          Title = {The {NHANES III} multiple imputation project},
          Year = 1998,
          Booktitle = {Proceedings of the Section on Survey Research Methods of the American Statistical Association},
          Pages = {28--37}
      }


@article{fars:1991,
          Author = {Heitjan, D. F. and Little, R. J. A.},
          Title = {Multiple imputation for the {F}atal {A}ccident {R}eporting {S}ystem},
          Year = 1991,
          Journal = {Applied Statistics},
           Volume = 40,
          Pages = {13--29}
      }

@inproceedings{cex:1998,
          Author = {Raghunathan, T. E. and Paulin, G. S.},
          Title = {Multiple imputation of income in the {C}onsumer {E}xpenditure {S}urvey: Evaluation of statistical inference},
          Year = 1998,
          Booktitle = {Proceedings of the Section on Business and Economic Statistics of the American Statistical Association},
          Pages = {1--10}
      }


@article{raghusisk:1996,
          Author = {Raghunathan, T. E. and Siscovick, D. S.},
          Title = {A multiple-imputation analysis of a case-control study of the risk of primary cardiac arrest among pharmacologically treated hypertensives},
          Year = 1996,
          Journal = {Applied Statistics},
          Volume = 45,
          Pages = {335--352}
      }

@article{raghusisc,
          Author = {Raghunathan, T. E. and Siscovick, D. S.},
          Title = {Combining exposure information from multiple sources in the analysis of a case-control study},
          Year = 1998,
          Journal = {Journal of Royal Statistical Society, Series D},
          Volume = 47,
          Pages = {333--347}
      }

@article{barnardrubin:1999,
          Author = {Barnard, J. and  Rubin, D. B.},
          Title = {Small-sample degrees of freedom with multiple-imputation},
          Year = 1999,
          Journal = {Biometrika},
          Volume = 86,
          Pages = {948--955}
      }





@article{fay:1996,
    Journal = {Journal of the American Statistical Association},
    Volume = 91,
    Pages = {490--498},
    Keywords = {[Applications and Case Studies]; Missing data; Imputation;
               Variance estimation; [Fractionally weighted imputation];
               [Rao-Shao variance estimator]},
    Author = {Fay, R. E.},
    Title = {Alternative Paradigms for the Analysis of Imputed Survey Data},
    Year = 1996
}

@article{rao:1996,
    Journal = {Journal of the American Statistical Association},
    Volume = 91,
    Pages = {499--506},
    Keywords = {[Applications and Case Studies]; Missing data; Imputation;
               Variance estimation; [Fractionally weighted imputation];
               [Rao-Shao variance estimator]},
    Author = {Rao, J. N. K.},
    Title = {On variance estimation with Imputed Survey Data},
    Year = 1996
}



@inproceedings{binder:1996a,
          Author = {Binder, D. A. and Sun, W.},
          Title = {Frequency valid multiple imputation for surveys with a complex design},
          Year = 1996,
          Booktitle = {Proceedings of the Section on Survey Research
                  Methods of the American Statistical Association},
          Pages = {281--286}
      }

@article{binder:1996b,
    Journal = {Journal of the American Statistical Association},
    Volume = 91,
    Pages = {510--512},
    Keywords = {[Applications and Case Studies]; Missing data; Nonresponse;
               Sample survey; [Confidence validity]; [Nonresponse in
               surveys]; [Public-use files]; [Superefficient procedures]},
    Author = {Binder, D. A.},
    Title = {Comments on three related papers on multiple imputation},
    Year = 1996
}

@book{rao,
Author = {Rao, J. N. K.},
Title = {Small Area Estimation},
Publisher = {New York: John Wiley \& Sons},
Year = 2003}

@inproceedings{kott:1995,
          Author = {Kott, P. S.},
          Title = {A paradox of multiple imputation},
          Year = 1995,
          Booktitle = {Proceedings of the Section on Survey Research
                  Methods of the American Statistical Association},
          Pages = {380--383}
      }




@article{gelfand:1990,
    Journal = {Journal of the American Statistical Association},
    Volume = 85,
    Pages = {398--409},
    Author = {Gelfand, A. E. and Smith, A. F. M.},
    Title = {Sampling-based approaches to calculating marginal densities},
    Year = 1990
}

@inproceedings{scf:1998,
          Author = {Kennickell, A. B.},
          Title = {Multiple imputation in {S}urvey of {C}onsumer {F}inances},
          Year = 1998,
          Booktitle = {Proceedings of the Section on Business and Economic Statistics of the American Statistical Association},
          Pages = {11--20}
      }



@article{barnard:meng:1999,
    Journal = {Statistical Methods in Medical Research},
    Volume = 8,
    Pages = {17--36},
    Author = {Barnard, J. and Meng, X.},
    Title = {Applications of multiple imputation in medical studies: From {AIDS} to {NHANES}},
    Year = 1999
}



@book{schafer:1997,
         Author = {Schafer, J. L.},
         Title = {Analysis of Incomplete Multivariate Data},
         Year = 1997,
         Publisher = {London: Chapman \& Hall},
         Pages = {258}
     }

@inproceedings{raghu:1997,
          Author = {Little, R. J. A. and Raghunathan, T. E.},
          Title = {Should imputation of missing data condition on all observed variables?},
          Year = 1997,
          Booktitle = {Proceedings of the Section on Survey Research
                  Methods of the American Statistical Association},
          Pages = {617--622}
      }

@article{raghu:2001,
    Journal = {Survey Methodology},
    Volume = 27,
    Pages = {85--96},
    Author = {Raghunathan, T. E. and Lepkowski, J. M. and {van Hoewyk}, J. and Solenberger, P.},
    Title = {A multivariate technique for multiply imputing missing values
using a series of regression models},
    Year = 2001
}


@article{kim:2001,
    Journal = {Survey Methodology},
    Volume = 27,
    Pages = {25--83},
    Author = {Kim, J.},
    Title = {Variance Estimation after Imputation},
    Year = 2001}


@article{lumley:2004,
    Journal = {Journal of Statistical Software},
    Volume=9,
    Number=8,
    Author = {Lumley, T.},
    Title = {Analysis of Complex Survey Samples},
    Year = 2004
}





@article{reitragukin,
          Author = {Reiter, J. P. and Raghunathan, T. E. and Kinney, S. K.},
          Title = {The importance of modeling the survey design in multiple imputation for missing data},
          Year = 2006,
          Journal = {Survey Methodology},
Pages={143-150},
Volume=32
       }



@article{collins2001,
          Author = {Collins, L. M. and Schafer, J. L. and Kam, C. K.},
          Title = {A comparison of inclusive and restrictive strategies in modern missing-data procedures},
          Year = 2001,
          Journal = {Psychological Methods},
Pages={330--351},
Volume=6
       }


@article{nhis:2005,
Title={Multiple imputation of missing income data in
the {N}ational {H}ealth {I}nterview {S}urvey},
Author={Schenker, N. and Raghunathan, T. E. and Chiu, P. L. and Makuc, D. M.
and Zhang, G.  and Cohen, A. J.},
Year = 2006,
Journal = {Journal of the American Statistical Association},
Volume = 101,
Pages = {924--933}}

@article{ghoshschafer:2003,
    Journal = {Journal of the American Statistical Association},
    Volume = 98,
    Pages = {807--817},
    Author = {Ghosh-{D}astidar, B. and Schafer, J. L.},
    Title = {Multiple edit/multiple imputation for multivariate continuous data},
    Year = 2003
}

@article{natracebridge,
    Journal = {Journal of the American Statistical Association},
    Volume = 98,
    Pages = {818--828},
    Author = {Schenker, N.},
    Title = {Assessing variability due to race bridging: {A}pplication to census counts and vital rates for the year 2000},
    Year = 2003
}

@article{schenk:park,
    Journal = {Statistics in Medicine},
    Volume = 22,
    Pages = {1571--1587},
    Author = {Schenker, N.  and Parker, J. D.},
    Title = {From single-race reporting to multiple-race reporting: using imputation methods to bridge the transition},
    Year = 2003
}



@techreport{winkleredit,
Author={Winkler, W. E.},
Year=2003,
Institution={Statistical Research Division, U.S. Bureau of the Census},
Title={A Contingency-table model for imputing data satisfying analytic constraints}
}

@article{clogg,
    Journal = {Journal of the American Statistical Association},
    Volume = 86,
    Pages = {68--78},
    Author = {Clogg, C. C. and Rubin, D. B. and Schenker, N. and Schultz, B. and Weidman, L.},
    Title = {Multiple imputation of industry and occupation codes in census public-use samples using {B}ayesian logistic regression},
    Year = 1991
}

@article{naep,
    Journal = {Journal of Educational Measurement},
    Volume = 29,
    Pages = {133--162},
    Author = {Mislevy, R. J. and Beaton, A. E. and Kaplan, B. and Sheehan, K. M.},
    Title = {Population characteristics from sparse matrix samples of item responses},
    Year = 1992
}

@article{schaferschenker,
    Journal = {Journal of the American Statistical Association},
    Volume = 95,
    Pages = {144--154},
    Author = {Schafer, J. L. and Schenker, N.},
    Title = {Inference with imputed conditional means},
    Year = 2000
}

@article{reitersmallndf,
Year = {2007},
Title={Small-sample degrees of freedom for multi-component
  significance tests with multiple imputation for missing data},
Author={Reiter, J. P.},
Journal = {Biometrika},
Pages = {502--508},
Volume=94
}

@article{parker:schenk:07,
author = {Parker, J. D. and Schenker, N.},
year = 2007,
title = {Multiple Imputation for National Public-Use Datasets and Its
Possible Application for Gestational Age in {U}nited {S}tates Natality Files},
journal = {Pediatric and Perinatal Epidemiology}, 
volume = 21, 
pages = {97--105}}

@article{black:hon:kin:15,
Author = {Blackwell, M. and Honaker, J. and King, G.},
year = 2015,
title = {A unified approach to measurement error and missing data: overview and applications},
journal = {Sociological Methods},
pages = {1--39}}


@article{reitermarchenko,
Year = 2009,
Journal = {The Stata Journal},
Author = {Marchenko, Y. V. and Reiter, J. P.},
Title = {Improved
  degrees of freedom  for multivariate significance tests obtained
  from multiply-imputed, small sample data},
Volume = 9,
Pages = {388--397}}



@inproceedings{hare:schafer:2003,
          Author = {Harel, Ofer and Schafer, Jospeh},
          Title = {Multiple imputation in two stages},
          Year = 2003,
          Booktitle = {Proceedings of Federal Committee on Statistical Methodology 2003 Conference}
      }

@book{biemer:lyberg:2003,
         Author = {Biemer, P. P. and Lyberg, L. E.},
         Title = {Introduction to Survey Quality},
         Year = 2003,
         Publisher = {New York: Wiley}
}



@book{hastie:2001,
         Author = {Hastie, T. and Tibshirani, R. and Friedman, J. H.},
         Title = {The Elements of Statistical Learning},
         Year = 2001,
         Publisher = {Springer}
     }

@book{wasserman:2005,
         Author = {Wasserman, L.},
         Title = {All of Nonparametric Statistics},
         Year = 2005,
         Publisher = {Springer-Verlag}
     }

@article{friedman:1989,
          Author = {Friedman, J. H. and Silverman, B. W.},
          Title = {Flexible parsimonious smoothing and additive modeling},
          Year = {1989},
          Journal = {Technometrics},
          Volume = 31,
          Pages = {3--39}
       }
@inproceedings{benaloh:1987,
Title = {Secure Sharing Homomorphisms: Keeping
  Shares of a Secret Secret},
Author = {Benaloh, J.},
Booktitle = {Advances in Cryptography: CRYPTO86},
Editor = {A. M. Odlyzko},
Publisher = {New York: Springer-Verlag},
Volume =  263,
Year = 1987,
Pages = {251--260}
}

@article{evf:2004,
Author = {Evfimievski, A. and Srikant, R. and Agrawal, R. and Gehrke, J.},
Year = 2004,
Title = {Privacy-Preserving Mining of Association Rules},
Journal = {Information Systems},
Volume = 29,
Pages={343--364}
}

@article{lin:clif:zhu:2004,
Author = {Lin, X. and Clifton, C. and Zhu, Y.},
Year = 2004,
Title = {Privacy-Preserving clustering with distributed {EM} models},
Journal = {Knowledge and Information Systems},
Volume = 8,
Pages={68--81}
}



@inproceedings{kant:clif:2002,
Author = {Kantarcioglu, M. and Clifton, C.},
Year =  2002,
Title = {Privacy-Preserving Distributed Mining of Association Rules on Horizontally-Partitioned Data},
Booktitle = {Proceedings of Eighth ACM SIGKDD International Conference on
  Knowledge Discovery and Data Mining},
Pages={24--31},
Publisher = {Edmonton, Canada: ACM Press}
}

@article{techno06,
author = {Karr, A. F.  and Fulp, W. J.  and Lin, X.  and Reiter, J. P. and Vera, F.  and Young, S. S.},
   title = {Secure, Privacy-Preserving Analysis of Distributed Databases},
   journal = {Technometrics},
year = 2007,
volume=49,
pages = {335--345}
}


@inproceedings{vaid:clif:2002,
Author = {Vaidya, J. and Clifton, C.},
Year =  2002,
Title = {Privacy-Preserving association Mining over vertically-Partitioned Data},
Booktitle = {Proceedings of Eighth ACM SIGKDD International Conference on
  Knowledge Discovery and Data Mining},
Pages={639--644},
Publisher = {Edmonton, Canada: ACM Press}
}



@inproceedings{sanilkarrlinreit,
Author = {Sanil, A. P. and Karr, A. F. and Lin, X. and Reiter, J. P.},
Year =  2004,
Title = {Privacy-preserving regression modelling via distributed
  computation},
Booktitle = {Proceedings of Tenth ACM SIGKDD International Conference on
  Knowledge Discovery and Data Mining},
Pages={677--682},
Publisher = {Washington DC: ACM Press}
}

@inproceedings{vaid:clif:2003,
Author = {Vaidya, J. and Clifton, C.},
Year =  2003,
Title = {Privacy-Preserving k-means clustering over vertically-Partitioned Data},
Booktitle = {Proceedings of Ninth ACM SIGKDD International Conference on
  Knowledge Discovery and Data Mining},
Pages={206--215},
Publisher = {Washington DC: ACM Press}
}


@inproceedings{lind:pink:2000,
Author = {Lindell, Y. and Pinkas, B.},
Year =  2000,
Title = {Privacy-Preserving data Mining},
Booktitle={Advances in Cryptology: {CRYPTO2000}},
Publisher = {New York: Springer-Verlag},
Pages={36--54}
}

@inproceedings{agra:srik:2000,
Author = {Agrawal, R. and Srikant, R.},
Year =  2000,
Title = {Privacy-Preserving data Mining},
Booktitle={Proceedings of the 2000 {ACM SIGMOD} on Management of Data},
Pages={439--450},
Publisher = {Dallas: ACM Press}
}


@inproceedings{secureem,
Author = {Reiter, J. P. and  Kohnen, C. N. and Karr, A. F. and Lin, X. and Sanil, A. P.},
Year=  2004,
Title = {Secure regression for vertically partitioned, partially overlapping data},
Booktitle =  {Proceedings of the Joint Statistical Meetings},
Publisher = {Alexandria, Va.: American Statistical Association}
}

@article{statsciserverkarr,
Author = {Gomatam, S. and Karr, A. F. and Reiter, J. P. and Sanil, A. P.},
Year=  {2005},
Title = {Data dissemination and disclosure limitation in a world without microdata: {A} risk-utility framework for remote access servers},
Journal =  {Statistical Science},
Volume = {20},
Pages = {163--177}
}

@article{utility,
Author = {Karr, A. F. and Kohnen, C. N. and Oganian, A. and Reiter, J. P. and Sanil, A. P.},
Year=  {2006},
Title = {A framework for evaluating the utility of data altered to protect confidentiality},
Journal =  {The American Statistician},
Volume = {60},
Pages = {224--232}
}

@article{skinnerisr,
Author = {Skinner, C.},
Journal = {International Statistical Review},
Year = 2012,
Title = {Statistical Disclosure Risk: Separating Potential and Harm},
Volume = 80,
Pages = {349 - 368}}

@article{kohnreit05,
Author={Reiter, J. P. and Kohnen, C. N.},
year = 2005,
Title={Categorical data regression diagnostics for remote servers},
Journal={Journal of Statistical Computation and Simulation},
Volume=75,
Pages={889--903}
}


@incollection{mitra:reiter:2006,
Author = {Mitra, R. and Reiter, J. P.},
Title = {Adjusting Survey Weights when altering identifying design variables via synthetic data},
editor = {Domingo-Ferrer, J. and Franconi, L.},
booktitle = {Privacy in Statistical Databases},
publisher = {New York: Springer-Verlag},
year = {2006},
pages = {177--188}
}

@incollection{massel:zayatz:2006,
Author = {Massell, P. and Zayatz, L. and Funk, J.},
Title = {Protecting the confidentiality of Survey Tabular Data by Adding Noise to the Underlying Microdata: Application to the {C}ommodity {F}low {S}urvey },
editor = {Domingo-Ferrer, J. and Franconi, L.},
booktitle = {Privacy in Statistical Databases},
publisher = {New York: Springer-Verlag},
year = {2006},
pages = {304--317}
}



@incollection{abowdvilh,
Author = {Abowd, J. and Vilhuber, L.},
Title = {How protective are synthetic data?},
editor = {Domingo-Ferrer, J. and Saygun, Y.},
booktitle = {Privacy in Statistical Databases},
publisher = {New York: Springer-Verlag},
year = {2008},
pages = {239--246}
}


@incollection{drech:reiter:08,
Author = {Drechsler, J. and Reiter, J. P.},
Title = {Accounting for intruder uncertainty due to sampling when estimating identification disclosure risks in partially synthetic data},
editor = {Domingo-Ferrer, J. and Saygin, Y.},
booktitle = {Privacy in Statistical Databases (LNCS 5262)},
publisher = {New York: Springer-Verlag},
year = {2008},
pages = {227--238}
}


@incollection{kenn:lane:2006,
          Author = {Kennickell, A. and Lane, J.},
          editor = {Domingo-{F}errar, J.},
publisher = {New York: Springer-Verlag},
Title = {Measuring the impact of data protection techniques on data utility: {E}vidence from the {S}urvey of {C}onsumer {F}inances},
          Year = 2006,
          booktitle = {Privacy in Statistical Databases 2006 (Lecture Notes in Computer Science)},
Pages = {291--303}
       }


@incollection{cox06,
          Author = {Cox, L. H. and Orelien, J. G. and Shah, B. V.},
          editor = {Domingo-{F}errar, J.},
publisher = {New York: Springer-Verlag},
Title = {A method for preserving statistical distributions subject to controlled tabular adjustment},
          Year = 2006,
          booktitle = {Privacy in Statistical Databases 2006 (Lecture Notes in Computer Science)},
Pages = {1--11}
       }



@article{mandr,
Author = {Reiter, J. P.},
Journal = {Statistics and Probability Letters},
Year = 2008,
Title = {Selecting the number of imputed datasets when using multiple imputation for missing data and disclosure limitation},
Volume = 78,
Pages={15--20}
}


@incollection{fienmac,
Author = {Fienberg, S. E. and McIntyre, S. E.},
Title = {Data swapping: Variations on a theme by Dalenius and Reese},
editor = {Domingo-Ferrer, J. and Torra, V.},
booktitle = {Privacy in Statistical Databases},
publisher = {New York: Springer-Verlag},
year = {2004},
pages = {14--29}
}


@incollection{abowdlane,
Author = {Abowd, J. M. and Lane, J. I.},
Title = {New Approaches to Confidentiality Protection: Synthetic Data, Remote
Access and Research Data Centers},
editor = {Domingo-Ferrer, J. and Torra, V.},
booktitle = {Privacy in Statistical Databases},
publisher = {New York: Springer-Verlag},
year = {2004},
pages = {282--289}
}

@incollection{abowdwood04,
Author = {Abowd, J. M. and Woodcock, S. D.},
Title = {Multiply-Imputing Confidential Characteristics and File Links in
Longitudinal Linked Data},
editor = {Domingo-Ferrer, J. and Torra, V.},
booktitle = {Privacy in Statistical Databases},
publisher = {New York: Springer-Verlag},
year = {2004},
pages = {290--297}
}

@incollection{lit:rag:liu,
Author = {Little, R. J. A. and Liu, F. and Raghunathan, T. E.},
Title = {Statistical disclosure techniques based on multiple imputation},
editor = {Gelman, A. and Meng, X. L.},
booktitle = {Applied Bayesian Modeling and Causal Inference from Incomplete-Data Perspectives},
publisher = {New York: John Wiley \& Sons},
year = 2004,
pages = {141--152}
}


@article{simongary,
Author = {Woodcock, S. D. and Benedetto, G.},
Journal = {Computational Statistics and Data Analysis},
Year = 2009,
Title = {Distribution-preserving statistical disclosure limitation},
Pages = {4228--4242},
Volume = 53
}



@incollection{dobfientrott,
Author = {Dobra, A. and Fienberg, S. E. and Trottini, M.},
Title = {Assessing the risk of disclosure of confidential categorical data},
editor = {Bernardo, J. M. and Bayarri, K. J. and Berger, J. O. and Dawid, A. P. and Heckerman, D. and Smith {A. F. M.} and West, M.},
booktitle = {Bayesian Statistics 7},
publisher = {Oxford University Press},
year = 2003,
pages = {125--144}
}

@article{woo,
Author={Woo, M. J. and Reiter, J. P. and Oganian, A. and Karr, A. F.},
Title={Global Measures of data Utility for Microdata Masked for Disclosure Limitation},
Journal={Journal of Privacy and Confidentiality},
Year=2009,
Volume = 1,
Pages = {111--124}
}

@article{skelam,
Author={Elamir, {E. A. H.} and Skinner, C. J.},
Journal={Journal of Official Statistics},
Title={Record level measures of disclosure risk for survey microdata},
year=2006,
volume=22,
pages={525--539}
}

@techreport{duncsallie,
Author={Duncan, G. T. and Keller-McNulty, S.},
Title={Bayesian Insights on Disclosure Limitation: {M}ask or Impute?},
Institution={National Institute of Statistical Sciences},
Year=2000
}

@article{wang:robins:1998,
Author = {Wang, N. and Robins, J. M.},
Title = {Large-sample theory for parametric multiple imputation procedures},
Journal = {Biometrika},
Year = 1998,
Pages = {935--948},
Volume=85}

@article{robins:wang:2000,
Author = {Robins, J. M. and Wang, N.},
Title = {Inference for imputation estimators},
Journal = {Biometrika},
Year = 2000,
Pages = {113--124},
Volume=87}


@article{schenker:rubin:1987,
Author = {Rubin, D. B. and Schenker, N.},
Journal = {Journal of Official Statistics},
Title = {Interval Estimation from Multiply-Imputed Data: {A} Case Study Using Census Agriculture Industry Codes},
Year = 1987,
Volume = 3,
Pages = {375--387}}


@article{schenker:86,
Title = {Asymptotic Results for Multiple Imputation},
Journal = {Annals of Statistics},
Volume= 16,
Pages= {1550--1566},
Year = 1986,
Author = {Schenker, N.}}

@article{zhang,
Title = {Multiple Imputation: {T}heory and Method},
Author = {Zhang, P.},
Journal = {International Statistical Review},
Volume={71},
Year = 2003,
Pages = {581--592}}

@article{nielsen,
Title = {Proper and improper multiple imputation},
Author = {Nielsen, S. F.},
Journal = {International Statistical Review},
Volume={71},
Year = 2003,
Pages = {593--607}}

@article{mengromero,
Title = {Discussion: {E}fficiency and self-efficiency With
Multiple Imputation},
Author = {Meng, X. L. and Romero, M.},
Journal = {International Statistical Review},
Volume={71},
Year = 2003,
Pages = {607--618}}

@article{rubin2003,
Title = {Discussion on multiple imputation},
Author = {Rubin, D. B.},
Journal = {International Statistical Review},
Volume={71},
Year = 2003,
Pages = {619--625}}

@article{kalton,
Title = {On the bias of the multiple imputation variance estimator in complex sampling},
Author = {Kim, J. K. and Brick, J. M. and Fuller, W. A. and Kalton, G.},
Journal = {Journal of the Royal Statistical Society, Series B},
Volume={68},
Year = 2006,
Pages = {509--521}}

@article{cole:chu:green:2006,
Author = {Cole, S. R. and Chu, H. and Greenland, S.},
Title = {Multiple-imputation for measurement-error correction},
Journal = {International Journal of Epidemiology},
Volume = 35,
Year = 2006,
Pages = {1074--1081}}


@article{heit:rub:1990,
Author = {Heitjan, Daniel F. and Rubin, Donald B.},
Year = 1990,
Title = {Inference from coarse data via multiple imputation with application to age heaping},
Journal = {Journal of the American Statistical Association},
Volume = 85,
Pages = {304--314}}

@article{rassler:2003,
Author = {R{\"a}ssler, S.},
Year = 2003,
Title = {A non-iterative {B}ayesian approach to statistical matching},
Journal = {Statistica Neerlandica},
Volume = 57,
Pages = {58--74}}


@book{rasslerbook,
Author = {R{\"a}ssler, S.},
Year = 2002,
Title = {Statistical Matching: {A} frequentist theory, practical applications, and alternative {B}ayesian approaches},
Publisher = {Lecture Notes in Statistics 168, New York: Springer}}




@article{rassler:2004,
Author = {R{\"a}ssler, S.},
Year = 2004,
Title = {Data fusion: {I}dentification problems, validity, and multiple imputation},
Journal = {Austrian Journal of Statistics},
Volume = 33,
Pages = {153--171}}

@article{pan:2000,
Author = {Pan, W.},
Year = 2000,
Title = {A multiple imputation approach to {C}ox regression with interval-censored data},
Journal = {Biometrics},
Volume = 56,
Pages = {199--203}}

@article{rubin:2004,
Author = {Rubin, D. B.},
Year = 2004,
Title = {Direct and indirect causal effects via potential outcomes},
Journal = {Scandinavian Journal of Statistics},
Volume = 31,
Pages = {161--170}}

@article{rubin:1986,
Author = {Rubin, D. B.},
Year = 1986,
Title = {Statistical Matching Using File Concatenation with Adjusted Weights and Multiple Imputations},
Journal = {Journal of Business and Economic Statistics},
Volume = 4,
Pages = {87--94}}

@article{mor:fritz:2003,
Author = {Moriarity, C. and Scheuren, F.},
Year = 2003,
Title = {A Note on {R}ubin's Statistical Matching Using File Concatenation with Adjusted Weights and Multiple Imputations},
Journal = {Journal of Business and Economic Statistics},
Volume = 21,
Pages = {65--73}}


@article{doraziorevista,
Author = {D'Orazio, M. and Di Zio, M. and Scanu, M.},
Title = {Statistical Matching and Official Statistics},
Journal = {Rivista di Statistica Ufficiale},
Year = 2002,
volume = 1,
pages = {5--24}}



@article{kadane,
Author = {Kadane, J.},
Year = 2001,
Title = {Some statistical problems in merging datasets},
Journal = {Journal of Official Statistics},
Pages = {423 -- 433},
Volume = 17}


@article{kamakura,
Author = {Kamakura, W. A. and Wedel, M.},
Year = 1997,
Title = {Statistical data fusion for cross-tabulation},
Journal = {Journal of Marketing Research},
Volume = 34,
Pages   = {485--498}}

@article{rossi,
Author = {Gilula, Z. and McCulloch, R. E. and Rossi, P. E.},
Year = 2006,
Title = {A direct approach to data fusion},
Journal = {Journal of Marketing Research},
Volume = 43,
Pages   = {73--83}}



@article{rodgers:1984,
Author = {Rodgers, W. L.},
Year = 1984,
Title = {An Evaluation of Statistical Matching},
Journal = {Journal of Business and Economic Statistics},
Volume = 2,
Pages = {91--102}}




@article{mor:fritz:2001,
Author = {Moriarity, C. and Scheuren, F.},
Year = 2001,
Title = {Statistical Matching: {A} paradigm for assessing the uncertainty in the procedure},
Journal = {Journal of Official Statistics},
Volume = 17,
Pages = {407--422}}

@inproceedings{putten,
Author = {van der Putten, P. and Kok, J. N. and Gupta, A.},
Title = {Why the information explosion can be bad for data mining, and how data fusion provides a way out},
Booktitle = {Proceedings of the Second SIAM International Conference on Data Mining},
Year = 2002,
Editor = {Grossman, R. L. and Han, J. and Kumar, V. and Mannila, H. and Motwant, R.},
Publisher = {Arlington, VA: SIAM}
}





@article{yang:belin:bosc:2005,
Author = {Yang, X. and Belin, T. R. and Boscardin, J.},
Title = {Imputation and variable selection in linear regression models with missing covariates},
Journal = {Biometrics},
Year = 2005,
Pages = {498--506},
Volume = 61}

@article{ibrahim:chen:lip:herr,
Author = {Ibrahim, J. G. and Chen, M. H. and Lipsitz, S. R. and Herring, A. H.},
Title = {Missing data methods for generalized linear models: {A} comparative review},
Journal = {Journal of the American Statistical Association},
Year = 2005,
Pages = {332--346},
Volume = 100}


@article{yucel:zaslavsk,
Author = {Yucel, R. M. and Zaslavsky, A. M.},
Title = {Imputation of binary treatment variables with measurement error in administrative data},
Journal = {Journal of the American Statistical Association},
Year = 2005,
Pages = {1123--1132},
Volume = 100}


@article{gelman:king:liu,
Author = {Gelman, A. and King, G.  and Liu, C.},
Title = {Not asked and not answered: {M}ultiple imputation for multiple surveys},
Journal = {Journal of the American Statistical Association},
Year = 1998,
Pages = {846--857},
Volume = 93}


@article{aids:1990,
Author = {Taylor, J. M. and Munoz, A. and Bass, S. M. and Saah, A. J. and Chmiel, J. S. and Kingsley, L. A.},
Title = {Estimating the distribution of times from {HIV} seroconversion to {AIDS} using multiple imputation: {M}ulticentre {AIDS} {C}ohort {S}tudy},
Journal = {Statistics in Medicine},
Year = 1990,
Pages = {505--514},
Volume = 9}

@article{raghu:2006,
Author = {Raghunathan, T. E.},
Title = {Combining information from multiple surveys for assessing health disparities},
Journal = {Allgemeines Statistisches Archiv},
Year = 2006,
Pages = {515--526},
Volume = 90}

@article{matrix:2006,
Author = {Thomas, N. and Raghunathan, T. E. and Schenker, N. and Katzoff, M. J. and Johnson, C. L.},
Title = {An evaluation of matrix sampling methods using data from the {N}ational {H}ealth and {N}utrition {E}xamination {S}urvey},
Journal = {Survey Methodology},
Year = 2006,
Pages = {217--232},
Volume = 32}

@article{gelman:2005,
Author = {Gelman, A. and Van Mechelen, I. and Verbeke, G. and Heitjan, D. F. and Meulders, M.},
Title = {Multiple Imputation for Model Checking: {C}ompleted-Data Plots with Missing and Latent Data},
Journal = {Biometrics},
Year = 2005,
Pages = {74--85},
Volume = 61}



@article{IABsynthesis,
Author = {Drechsler, J. and Dundler, A. and Bender, S. and R{\"a}ssler, S. and Zwick, T.}, Journal = {Advances in Statistical Analysis},
Year = 2008,
Title = {A new approach for disclosure control in the {IAB} {E}stablishment {P}anel--{M}ultiple imputation for a better data access},
Pages = {439 -- 458},
Volume = 92}




@article{zwick,
Author = {Zwick, T.},
Title = {Continuing Vocational Training Forms and Establishment Productivity in {G}ermany},
Journal = {German Economic Review},
Volume = 6,
number=2,
Year = 2005,
pages={155--184}}


@article{2stagesyn,
Author = {Reiter, J. P. and Drechsler, J.},
Year = 2010,
Title = {Releasing multiply-imputed, synthetic data generated in two stages to protect confidentiality},
Journal = {Statistica Sinica},
Pages = {405--422},
Volume = 20
}


@techreport{graham05,
Author = {Graham, P. and Penny, R.},
Year = 2005,
Title = {Multiply Imputed Synthetic Data Files},
Institution = {University of Otago, http://www.uoc.otago.ac.nz/departments/pubhealth/pgrahpub.htm}
}

@article{grahamjos1,
Title = {Multiply imputed synthetic data: Evaluation of hierarchical {B}ayesian imputation models},
Author = {Graham, P. and Young, J. and Penny, R.},
Journal = {Journal of Official Statistics},
Volume = 25,
Year = 2009,
Pages = {245--268}}

@article{youngskinner,
Author = {Young, Caroline and Martin, David and Skinner, Chris J.},
Year = 2009,
Title = {Geographically intelligent disclosure control for flexible aggregation of census data},
Journal = {International Journal of Geographical Information Science},
Volume =23,
Pages= {457--482}}

@article{grahamjos2,
Title = {Using {B}ayesian networks to create synthetic data},
Author = {Young, J. and Graham, P. and Penny, R.},
Journal = {Journal of Official Statistics},
Volume = 25,
Year = 2009,
Pages = {549--567}}



@article{brownstone:valletta,
Author = {Brownstone, D. and Valletta, R. G.},
Title = {Modeling earnings measurement error: {A} multiple imputation approach},
Journal = {Review of Economics and Statistics},
Year = 1996,
Pages = {705--717},
Volume = 78}

@article{harel:zhou:07,
Author = {Harel, O. and Zhou, X. H.},
Title = {Multiple imputation: review of theory, implementation and software},
Journal = {Statistics in Medicine},
Volume = 26,
Year = 2007,
Pages = {3057--3077}}



@article{harel:zhou,
Author = {Harel, O. and Zhou, X. H.},
Title = {Multiple imputation for correcting verification bias},
Journal = {Statistics in Medicine},
Volume = 25,
Year = 2006,
Pages = {3769--3786}}

@article{raghu:schenk,
Author = {Schenker, N. and Raghunathan, T. E.},
Title = {Combining information from multiple surveys to enhance estimation of measures of health},
Journal = {Statistics in Medicine},
Volume = 26,
Year = 2007,
Pages = {1802--1811}}


@article{durrant:skinner,
Author = {Durrant, G. B. and Skinner, C.},
Title = {Using missing data methods to correct for measurement error in a distribution function},
Journal = {Survey Methodology},
Volume = 32,
Year = 2006,
Pages = {25--36}}

@article{longford:2001,
Author = {Longford, N.},
Title = {Correspondence},
Journal = {Journal of the Royal Statistical Society, Series A},
Year = 2001,
Pages = {565--566},
Volume = 164}

@book{biem:lyb,
Author = {Biemer, P. P. and Lyberg, L. E.},
Title = {Introduction to Survey Quality},
Publisher = {Wiley},
Year = 2003}

@book{groves,
Author={Groves, R. M.},
Title={Survey Error and Survey Costs},
Year = 1989,
Publisher = {John Wiley \& Sons}}


@techreport{schenk:raghu:bond,
Author = {Schenker, N. and  Raghunathan, T. E. and Bondarenko, I.},
Title = {A case study of combining information from an examination-based health survey and an interview-based health survey to improve on analyses of self-reported data},
Institution = {Department of Biostatistics, University of Michigan},
Year =  2006}


@article{reiterkinney,
          Author = {Kinney, S. K. and Reiter, J. P.},
          Title = {Tests of multivariate hypotheses when using multiple imputation for missing data and partial synthesis},
          Year = 2010,
          Journal = {Journal of Official Statistics},
Pages = {301--315},
Volume = 26
       }



@book{nrc05,
Author = {{National Research Council}},
Title = {Expanding Access to Research Data: Reconciling Risks and Opportunities},
Publisher = {Panel on Data Access for Research Purposes, Committee on National Statistics, Division of Behavioral and Social Sciences and Education. Washington DC: The National Academies Press},
Year = 2005}

@book{nrc07,
Author = {{National Research Council}},
Title = {Putting People on the Map: Protecting Confidentiality with Linked Social-Spatial Data},
Publisher = {Panel on Confidentiality Issues Arising from the Integration of Remotely Sensed and Self-Identifying Data, Committee on the Human Dimensions of Global Change, Division of Behavioral and Social Sciences and Education. Washington DC: The National Academies Press},
Year = 2007}

@book{nrc08,
Author = {{National Research Council}},
Title = {Reengineering the Survey of Income and Program Participation},
Publisher = {Panel on the Census Bureau Reengineered Survey of Income and Program Participation, Committee on National Statistics, Division of Behavioral and Social Sciences and Education. Washington DC: The National Academies Press},
Year = 2009}

@article{si:reiter:13,
author = {Si, Y. and Reiter, J. P.},
title = {Nonparametric {B}ayesian multiple imputation for incomplete categorical variables in large-scale assessment surveys},
journal ={Journal of Educational and Behavioral Statistics}, 
volume = 38,
year = 2013,
pages = {499--521}}


@article{reiter:mitra:07,
Author = {Reiter, J. P. and Mitra, R.},
Title = {Estimating risks of identification disclosure in partially synthetic data},
Year = {2009},
Volume=1,
Journal = {Journal of Privacy and Confidentiality},
Pages = {99--110}}

@article{asmithmle,
Author = {Smith, A.},
Title = {Efficient, differentially private point estimators},
Journal = {CoRR},
Pages = {abs/0809.4794},
Year = 2008
}

@article{mitrareiterstatmed,
Author = {Mitra, R. and Reiter, J. P.},
Journal = {Statistics in Medicine},
Year = {2011},
Title = {Estimating propensity scores with
  missing covariate data using general location mixture models},
Note = {Forthcoming}
}



@article{pinq,
Author = {McSherry, F.},
Title = {Privacy integrated queries},
Journal  = {Proceedings of the 2009 ACM SIGMOD International Conference on Management of Data (SIGMOD)},
Publisher = {Association for Computing Machinery},
Year = 2009}


@article{breiman:2001,
Author = {Breiman, L.},
Journal = {Machine Learning},
Title = {Random forests},
Year = 2001,
Volume= 45,
Pages = {5--32}}

@inproceedings{svr,
Author = {Drucker, H. and Burges, J. C. and Kaufman, L. and Smola, A. and Vapnik, V.},
Title = {Support vector regression machines},
booktitle = {Advances in Neural Information Processing Systems 9, NIPS 1996},
publisher = {Cambridge: MIT Press},
year = {1997},
pages = {155--161}
}

@article{jgjrakcsda,
Author = {Ghosh, J. and Reiter, J. P. and Karr, A. F.},
Title = {Secure computation with horizontally partitioned data using adaptive
regression splines},
journal = {Computational Statistics and Data Analysis},
year = 2007,
pages = {5813--5820},
volume = 51}

@inproceedings{du:han:chen:2004,
Author = {Du, W. and Han, Y. and Chen, S.},
Year =  2004,
Title = {Privacy-Preserving multivariate statistical analysis: Linear regression and classification},
Booktitle={Proceedings of the Fourth {SIAM} Conference on Data Mining},
Pages={222--233}
}

@inproceedings{okeefe,
          Author = {O'Keefe, C. M. and Yung, M. and Gu, L. and Baxter, R.},
          Title = {Privacy preserving data linkage protocols},
          Year = 2004,
          Booktitle = {Proceedings of the 2004 ACM Workshop on Privacy in the Electronic Society},
          Pages = {94--102},
Editor = {Atluri, V. and Syverson, P. and {De Capitani di Vimercati}, S.},
Publisher = {Washington, DC: ACM Press}
      }

@article{churches,
Author = {Churches, T. and Christen, P.},
Title = {Some methods for blindfolded record linkage},
journal = {BMC Medical Informatics and Decision Making},
year = 2004,
volume = 4,
number = 9,
pages = {Available at http://www.pubmedcentral.nih.gov/tocrender.fcgi?iid=10563}
}

@incollection{cohen:rav:fien,
Author={Ravikumar, P. and Cohen, W. and Fienberg, S. E.},
Title = {A secure protocol for computing string distance metrics},
Booktitle= {Proceedings of ICDM Workshop on Privacy and Security Aspects of Data Mining},
Year =  2004,
Publisher = {Brighton, UK: IEEE Computer Society}
}


@book{dorazio,
         Author = {D'Orazio, M. and {Di Zio}, M. and Scanu, M.},
         Title = {Statistical Matching: Theory and Practice},
         Year = 2006,
         Publisher = {New York: Wiley}
}

@article{shlomo07,
Author = {Shlomo, N.},
Journal = {International Statistical Review},
Title = {Statistical Disclosure Control for census frequency tables},
Volume  = 75,
Pages = {199--217},
Year = 2007
}

@article{manriquereiter12,
Author = {Manrique-{V}allier, D. and Reiter, J. P.},
Journal = {Journal of the American Statistical Association},
Year = 2012,
Title = {Estimating identification disclosure risk using mixed membership models},
Volume =  107,
Pages = {1385--1394}}

@article{shlomoskinner,
Author = {Skinner, C. J. and Shlomo, N.},
Journal = {Journal of the American Statistical Association},
Year = 2008,
Volume = 103,
Pages = {989--1001},
Title = {Assessing identification risk in survey microdata using log-linear models}}

@article{shlomoskinner2,
Author = {Shlomo, N. and Skinner, C. J.},
Journal = {Annals of Applied Statistics},
Volume = 4,
Year = 2010,
Title = {Assessing the protection provided by misclassification-based disclosure limitation methods for survey microdata},
Pages = {1291--1310}}


@article{reiterisr,
Author = {Reiter, J. P.},
Journal = {International Statistical Review},
Title = {Using multiple imputation to integrate and disseminate confidential microdata},
Volume  = 77,
Pages = {179--195},
Year = 2009
}

@phdthesis{kohnen:2005,
Author = {Kohnen, C. N.},
Title = {Using Multiply-Imputed, Synthetic Data to Facilitate Data Sharing},
School={Duke University, Institute of Statistics and Decision Sciences},
Year={2005}}

@inproceedings{kohnen:reiter:2004,
          Author = {Kohnen, C. N. and Reiter, J. P.},
          Title = {Sharing confidential data among multiple agencies using multiply-imputed, synthetic data},
          Year = 2004,
          Booktitle = {Proceedings of the Joint Statistical Meetings},
Publisher = {Arlington, VA: American Statistical Association}
      }

@article{kohnen:reiter:08,
Author = {Kohnen, C. N. and Reiter, J. P.},
Title = {Multiple imputation for combining confidential data owned by two agencies},
Journal = {Journal of the Royal Statistical Society, Series A},
Year = 2009,
Volume = 172,
Pages = {511--528}
}

@article{guttman,
Author = {Van{W}ey, L. K. and Rindfuss, R. R. and Guttman, M. P. and Entwisle, B. and Balk, D. L.},
Title = {Confidentiality and spatially explicit data: concerns and challenges},
Journal ={Proceedings of the National Academy of Sciences},
Volume = 102,
Pages = {15337--15342},
Year=2005}

@article{gutman:zasl,
Author = {R. Gutman and C. Afendulis and A. M. Zaslavsky},
Title =  {A {B}ayesian procedure for file linking to analyze end-of-life medical costs},
Journal = {Journal of the American Statistical Association},
Volume = {108},
Pages = {34-47},
Year = 2013}


@article{rushton,
Author = {Armstrong, M. P. and Rushton, G. and Zimmerman, D. L.},
Title = {Geographically masking health data to preserve confidentiality},
Journal ={Statistics in Medicine},
Volume = 18,
Pages = {495--525},
Year=1999}

@inproceedings{maceachern,
Author= {Mac{E}achern, S. N.},
Year = 1999,
Title = {Dependent nonparametric processes},
Booktitle = {Proceedings of the Section on Bayesian Statistical Science},
Publisher = {American Statistical Association}
}

@incollection{maceachern98,
Author= {Mac{E}achern, S. N.},
Year = 1998,
Title = {Computational methods for mixture of {D}irichlet process models},
Booktitle = {Practical Nonparametric and Semiparametric Bayesian Statistics},
Publisher = {New York: Springer Verlag},
Editor = {Dey, D. and Muller, P. and Sinha, D},
Pages = {23--43}
}

@techreport{maceachern00,
Author= {Mac{E}achern, S. N.},
Year = 2000,
Title = {Dependent {D}irichlet Processes},
Institution = {Department of Statistics, The Ohio State University}
}


@book{gelfand04,
Author={Banerjee, S. and Carlin, B. P. and Gelfand, A. E.},
Title={Hierarchical Modeling and analysis of Spatial data},
Year=2004,
Publisher={Boca Raton: Chapman \& Hall}
}

@book{cressie,
Author={Cressie, {N. A. C.}},
Title={Statistics for Spatial Data},
Year=1993,
Publisher={New York: John Wiley \& Sons}
}

@book{diggle,
Author={Diggle, P.},
Title={Statistical Analysis of Spatial Point Patterns (2nd edition)},
Year=2003,
Publisher={London: Arnold}
}


@manual{hrs,
Author = {{Health and Retirement Study}},
Title={Data Description and Usage (2006 Core, Early, Version 2.0)},
Organization = {University of Michigan},
Note = {http://hrsonline.isr.umich.edu/meta/2006/core/desc/h06dd.pdf},
Year = 2007}

@article{reiterscience,
Author = {Kwiek, N. C. and Halpin, M. J. and Reiter, J. P. and Hoeffler, L. A. and Schwartz-Bloom, R. D.},
Year = 2007,
Title= {Pharmacology in the high school classroom (with supplemental material)},
Journal = {Science},
Volume= 317,
Pages = {1871--1872}
}

@article{reiter00,
Author={Reiter, J. P.},
Year= 2000,
Title={Borrowing strength when explicit data pooling is prohibited},
Journal={Journal of  Official Statistics},
Volume= 16,
Pages= {295--319}
}

@article{ddpspatial,
Author = {Gelfand, A. E. and Kottas, A. and Mac{E}achern, S. N.},
Year = 2005,
Title={Bayesian Nonparametric Spatial Modeling with Dirichlet Process Mixing},
Journal= {Journal of the American Statistical Association},
Volume= 100,
Pages = {1021--1035}
}

@article{mdo,
Author = {Miranda, M. L. and Dolinoy, D. and Overstreet, M. A.},
Title = {Mapping for prevention: {GIS} models for directing childhood lead poisoning prevention programs},
Journal = {Environmental Health Perspectives},
Year =  2002,
Volume = {110(9)},
Pages =  {947--953}
}

@article{msop,
Author = {Miranda, M. L. and Silva, J. M. and Overstreet, M. and Brown, J. P. and Campbell, D. S. and Coley, E. and Cowan, C. S. and Harvell, D. and Lassiter, J. and  Parks, J. L. and SandelÃ©, W.},
Year = 2005,
Title = {Building GIS Capacity in Local Health Departments: Lessons from a North Carolina Project},
Journal ={American Journal of Public Health},
Volume= {95(12)},
Pages ={2180--2185}}


@article{dm,
Author = {Dolinoy, D. C. and Miranda, M. L.},
Title = {{GIS} modeling of air toxics releases from TRI-reporting and non-TRI-reporting facilities: {I}mpacts for environmental justice},
Journal  = {Environmental Health Perspectives},
Year = 2004,
Volume = {112(17)},
Pages = {1717--1724}
}

@article{md,
Author = {Miranda, M. L. and Dolinoy, D. C.},
Title = {Using GIS-based approaches to support research on neurotoxicants and other children's environmental health threats},
Journal ={NeuroToxicology},
Year = {2005},
Volume = 26,
Pages = {223--228}
}

@article{xia,
Author = {Xia, G. and  Miranda, M. and Gelfand, A.},
Title = {Approximately optimal spatial design approaches for environmental health data},
Journal = {Environmetrics},
Year = 2006,
Volume = 17,
Pages = {363--385}
}

@article{sgh,
Author = {Sahu, S. and Gelfand, A. and Holland, D.},
Title = {Spatio-temporal modeling for fine particulate matter},
Journal = {Journal of Agricultural, Biological and Environmental Statistics},
Year = 2006,
Pages = {259--275},
Volume = 10
}


@article{ddp2,
Author = {Gelfand, A. E. and Mukhopadhyay, S.},
Year = 1997,
Title =  {Dirichlet Process Mixed Generalized Linear Models},
Journal = {Journal of the American Statistical Association},
Volume= 92,
Pages = {633--639}
}


@incollection{gelfpred1,
Author = {Gelfand, A. E. and Dey, D. and Chang, H.},
Title = {Model determination using predictive distributions with implementation via sampling based methods (with discussion)},
Booktitle ={Bayesian Statistics 4},
Editor = {Bernando, J. and Berger, J. O.},
Year= 1992,
Publisher = {Oxford University Press},
Pages = {147--167}
}

@article{gelfpred2,
Author = {Gelfand, A. E. and Dey, D.},
Title = {Bayesian model choice: asymptotic and exact calculations},
Journal = {Journal of the Royal Statistical Society, Series B},
Year = 1994,
Volume = 56,
Pages = {501--514}
}

@incollection{gelfpred3,
Author={Gelfand, A. E.},
Title = {Model Determination using Sampling-Based Methods},
Booktitle= {Markov Chain Monte Carlo In Practice},
Editor = {Gilks, W. and Richardson, S. and Spiegelhalter, D.},
Year= 1995,
Publisher = {Chapman Hall: London},
Pages = {145--161}
}


@article{gelfpred4,
Author = {Gelfand, A. E. and Ghosh, S. K.},
Title = {Model choice: {A} minimum posterior predictive loss approach},
Journal = {Biometrika},
Year = 1998,
Volume = 85,
Pages = {1--11}
}

@article{gelfrp1,
Author = {Gelfand, A. E. and  Clapp, J. M. and Kim, {H-J}},
Title = {Spatial Prediction of House Prices Using {LPR} and {B}ayesian Smoothing},
Journal= {Real Estate Economics},
Volume = 30,
Year =2002}

@article{gelfrp2,
Author = {Gelfand, A. E. and Ecker, M. D. and Knight, J. R. and Sirmans, C. F.},
Title = {The Dynamics of Location in Home Price},
Journal= {Journal of Real Estate and Financial Economics},
Volume = 29,
Year = 2004,
Pages = {149--166}
}

@article{ddp3,
Author= {Gelfand, A. E. and  Kottas, A.},
Title= {Bayesian semiparametric regression for median residual life},
Journal = {Scandinavian Journal of Statistics},
Volume = 30,
Year= 2003,
Pages = {651--665}
}


@article{deyoreo:kottas:sc,
author = {De Yoreo, M. and Kottas, A.},
title = {A {B}ayesian nonparametric {M}arkovian model for nonstationary time series},
Journal = {Statistics and Computing},
pages = {to appear},
year = {forthcoming}}

@inproceedings{synthdiagicdm,
Author = {Chen, Y. and Machanavajjhala, A. and Reiter, J. P. and Barrientos, A.},
Title = {Differentially private regression diagnostics},
Year = 2016,
Booktitle = {IEEE International Conference on Data Mining},
Pages = {to appear}
}


@inproceedings{onthemap,
Author = {Machanavajjhala, A. and Kifer, D. and Abowd, J. and Gehrke, J. and Vilhuber, L.},
Title = {Privacy: {T}heory meets practice on the map},
Year = 2008,
Booktitle = {IEEE 24th International Conference on Data Engineering},
Pages = {277--286}
}

@article{gelfgene,
Author = {Gelfand, A. and Vounatsou, P. and Smith, T.},
Title= {Modeling of multinominal data with latent structure: application to geographical mapping of human gene and haplotype frequencies},
Journal= {Biostatistics},
Voume= 10,
Year= 2000,
Pages = {177--189}
}

@article{anto,
Author = {Antoniak, C. E.},
Title= {Mixtures of {D}irichlet processes with applications to nonparametric problems},
Journal = {The Annals of Statistics},
Year = 1974,
Pages = {1152--1174},
Volume=2}

@article{deorio,
Author= {{De Iorio}, M. and M{\"u}ller, P. and Rosner, G. L. and Mac{E}achern, S. N.},
Year = 2004,
Title = {An {ANOVA} model for dependent random measures},
Journal = {Journal of the American Statistical Association},
Volume=99,
Pages = {205--215}
}

@article{escwest,
Author= {Escobar, M. D. and West, M.},
Year = 1995,
Title = {Estimating normal means with a {D}irichlet process prior},
Journal = {Journal of the American Statistical Association},
Volume=89,
Pages = {268--277}
}

@article{fergus73,
Author = {Ferguson, T. S.},
Year = 1973,
Title = {A {B}ayesian analysis of some nonparametric problems},
Journal = {The Annals of Statistics},
Volume= 1,
Pages = {209--230}
}

@article{fergus74,
Author = {Ferguson, T. S.},
Year = 1974,
Title = {Prior distributions on spaces of probability measures},
Journal = {The Annals of Statistics},
Volume= 2,
Pages = {615--629}
}


@article{seth94,
Author = {Sethuraman, J.},
Year = 1994,
Title = {A constructive definition of {D}irichlet priors},
Journal = {Statistica Sinica},
Volume = 4,
Pages = {639--650}
}

@article{grifsteel,
Author={Griffin, J. E. and Steel, {M. F. J.}},
Title = {Order-based dependent {D}irichlet processes},
Journal = {Journal of the American Statistical Association},
Volume=101,
Year  = 2006,
Pages= {179--194}
}

@article{besag74,
Author = {Besag, J.},
Year = 1974,
Title={Spatial interaction and the statistical analysis of lattice systems (with discussion)},
Journal = {Journal of the Royal Statistical Society, Series B},
Volume= 36,
Pages = {192--236}
}

@incollection{steel:rez,
Author = {Steel, P. and Reznek, A.},
Title = {Issues in designing a confidentiality preserving model server},
Booktitle = {Monographs of Official Statistics: Work Session on Statistical Data Confidentiality},
Editor =  {P. Diaz Munoz and H. Brungger},
Publisher =  {Eurostat},
Pages = {29--36},
Year = 2006
}


@book{berk:08,
Author = {Berk, R. A.},
Title = {Statistical Learning from a Regression Perspective},
Year = 2008,
Publisher = {New York: Springer}
}


@article{an:little:2007,
Author = {An, D. and Little, {R. J. A.}},
Title = {Multiple imputation: an alternative to top coding for statistical
disclosure control},
Journal = {Journal of the Royal Statistical Society, Series A},
Year = 2007,
Volume = 170,
Pages = {923--940}
}

@book{fritz:bill:07,
Author = {Herzog, T. N. and Scheuren, F. J. and Winkler, W. E.},
Title = {Data Quality and Record Linkage},
Publisher={Springer},
Year=2007}

@article{reitermime,
Author = {Reiter, J. P.},
Title = {Multiple imputation when records used for
  imputation are not used or disseminated for analysis},
Year = 2008,
Journal={Biometrika},
Pages = {933--946},
Volume= 95
}

@article{dolber07a,
Author = {Dolber, P. C. and Gu, B. and Zhang, X. and Fraser,  M. O. and Thor, K. B. and Reiter, J. P.},
Year = 2007,
Title = {Activation of the external urethral sphincter central pattern generator by a 5-HT1A serotonin receptor agonist in rats with chronic spinal cord injury},
Journal = {American Journal of Physiology: Regulatory, Integrative, and Comparative Physiology},
Volume= 292,
Pages = {R1699--R1706}}

@article{dolber07b,
Author= {Gu, B. and Thor, K. B. and Reiter, J. P. and Dolber, P. C.},
Year= 2007,
Title= {Effect of 5HT-1 serotonin receptor agonists on noxiously stimulated micturition in cats with chronic spinal cord injury},
Journal = {Journal of Urology},
Volume = 177,
Pages = {2381--2385}}

@article{dolber04b,
Author = {Gu, B. and Olejar, K. and Reiter, J. P. and Thor, K. B. and Dolber, P. C.},
Year = 2004,
Title = {Inhibition of bladder activity by 5HT11 serotonin receptor antagonists in cats with chronic spinal cord injury},
Journal = {Journal of Pharmacology and Experimental Therapeutics},
Volume = {310:3},
Pages =  {1266--1272}}

@article{dolber04a,
Author = {Gu, B. and Reiter, J. P. and Schwinn, D. A. and Smith, M. P. and Korstanje, C. and Thor, K. B. and Dolber, P. C.},
Year = 2004,
Title = {Effects of alpha1-adrenergic receptor subtype selective antagonists on lower urinary tract function in rats with bladder outlet obstruction},
Journal = {Journal of Urology},
Colume = 172,
Pages = {758--762}}



@article{orr08,
Author = {Orr, S. T. and James, S. A. and Reiter, J. P.},
Year = 2008,
Title = {Unintended pregnancy and prenatal behaviors among urban, black women in Baltimore, Maryland: The Baltimore preterm birth study},
Journal = {Annals of Epidemiology},
Pages = {Forthcoming}}

@article{orr07a,
Author = {Orr, S. T. and Reiter, J. P. and Blazer, D. G. and James, S. A.},
Year =  2007,
Title  = {Maternal prenatal pregnancy-related anxiety and spontaneous preterm birth in Baltimore, Maryland},
Journal = {Psychosomatic Medicine},
Volume = 69,
Pages = {566--570}}


@article{orr07b,
Author = {Orr, S. T. and Blazer, D. G. and James, S. A. and Reiter, J. P.},
Year = 2007,
Title = {Depressive symptoms and indicators of maternal health status during pregnancy},
Journal = {Journal of Women's Health},
Volume = 16,
Pages = {535--542}}

@article{amm2000,
Author={Reiter, J. P.},
Year=2000,
Title={Using statistics to determine causal relationships},
Journal = {The American Mathematical Monthly},
Volume= 107,
Pages = {24--32}}

@article{hill:reit:06,
Author = {Hill, J. L. and Reiter, J. P.},
Year = 2006,
Title = {Interval estimation of treatment effects when using propensity score matching},
Journal = {Statistics in Medicine},
Volume = {25:13},
Pages =  {2230--2256}}


@book{gelmanhill,
Author = {Gelman, A. and Hill, J.},
Title = {Data Analysis Using Regression and Multilevel/Hierarchical Models},
Publisher ={Cambridge University Press},
Year = 2007}


@incollection{hill:zan:reit:04,
Author = {Hill, J. L. and Reiter, J. P. and Zanutto, E.},
Year = 2004,
Title = {A comparison of experimental and observational data analyses},
Booktitle = {Applied Bayesian Modeling and Causal Inference from Incomplete-Data Perspectives},
Editor =  {A. Gelman and X. Meng},
Publisher = {New York: Wiley},
Pages = {49--60}}

@article{vs08,
Title = {Verification servers: Enabling analysts to assess the quality of inferences from public use data},
Author = {Reiter, J. P. and Oganian, A. and Karr, A. F. },
Year = 2009,
Volume = 53,
Journal = {Computational Statistics and Data Analysis},
Pages = {1475--1482}}

@techreport{abowd06,
author = {Abowd, J. and Stinson, M. and Benedetto, G.},
title = {Final Report to the {S}ocial {S}ecurity {A}dministration on the {SIPP/SSA/IRS Public Use File Project}},
institution = {U.S. Census Bureau Longitudinal Employer-Household Dynamics Program},
year = 2006,
note = {Available at \url{http://www.census.gov/sipp/synth_data.html}}
}

@article{mirf,
author = {Nonyane, {B. A. S.} and Foulkes, A. S.},
year = 2007,
title = {Multiple imputation and random forests ({MIRF}) for unobservable, high-dimensional data},
journal = {International Journal of Biostatistics},
volume = 3,
pages = {Article 12}
}

@article{ban:gel:fin:sang,
Title={Gaussian Predictive Process Models for Large Spatial Datasets},
Author={Banerjee, S. and Gelfand, A. E. and Finley, A. O. and Sang, H.},
Journal = {Journal of the Royal Statistical Society, Series B},
Year = {2008},
Pages = {Forthcoming}
}

@phdthesis{kinneythesis,
Author = {Kinney, Satkartar},
Title = {Model Selection and Multivariate Inference Using Data Multiply Imputed for Disclosure Limitation and Nonresponse},
School={Duke University, Dept. of Statistical Science},
Year={2007}}


@article{kinney:reiter:jstp,
Title={Inferences for two stage multiple imputation for nonresponse},
Author={Kinney, S. K. and Reiter, J. P.},
Journal = {Journal of Statistical Theory and Practice},
Year = {2009},
Volume = 3,
Pages = {307--318}
}


@incollection{dwork:06,
Author = {Dwork, C.},
Year = 2006,
Title = {Differential privacy},
Booktitle = {33rd International Colloquium on Automata, Languages, and Programming, part II},
Publisher = {Berlin: Springer},
Pages = {1--12}}


@techreport{win07,
Author = {Winkler, W. E.},
Title = {Examples of easy-to-implement, widely used methods of masking for which analytic properties are not justified},
year = 2007,
Institution = {U.S. Census Bureau Research Report Series, No. 2007-21}
}

@misc{uscensuspums,
Author = {{U. S. Bureau of the Census}},
Year = 2003,
Title = {2000 Census of Population and Housing, Public Use Microdata Sample, United
States: Technical Documentation}
}


@incollection{coxkim,
Author = {Cox, L. H. and J.J. Kim},
Title = {Effects of Rounding on the Quality and Confidentiality of Statistical Data},
Booktitle = {Privacy and Statistical Data Bases 2006, Lecture Notes in Computer Science 4302},
Editor = {J. Domingo-Ferrer and L. Franconi},
Publisher = {Heidelberg: Springer-Verlag},
Year = 2006,
Pages= {48--56}}

@incollection{cox01,
Author = {Cox, L. H.},
Year = 2001,
Title = {A disclosure risk for tabular economic data},
Booktitle = {Confidentiality, Disclosure and Data Access: Theory and Practical Applications for Statistical Agencies},
Editor = {Doyle, P. and J. Lane and J. Theeuwes and L. Zayatz},
Publisher = {New York: Elsevier},
Pages = {167--183}}

@article{cox07,
Author = {Cox, L. H.},
Year = 2007,
Title = {Contingency tables of network type: {M}odels, {M}arkov basis and applications},
Journal = {Statistica Sinica},
Volume = 17,
Pages = {1371--1393}}

@article{dobrawest,
Author = {Dobra, A. and C. Tebaldi and M. West},
Title = {Data augmentation in multi-way contingency tables with fixed marginal totals},
Journal = {Journal of Statistical Planning and Inference},
Year = 2006,
Volume = 136,
Pages = {355--372}}

@article{slav10,
Author = {Slavkovic, A. B. and Lee, J.},
Year = 2010,
Title = {Synthetic two-way contingency tables that preserve conditional frequencies},
Journal = {Statistical Methodology},
Volume = 7,
Pages = {225--239}}

@article{chendinw,
Year = 2006,
Journal = {Annals of Statistics},
Title = {Sequential importance sampling for multiway tables},
Author = {Chen, Y. and I. Dinwoodie and S. Sullivant},
Volume = 34,
Pages = {523--545}}


@article{cox80,
Author = {Cox, L. H.},
Year =  1980,
Title = {Suppression Methodology and Statistical Disclosure Control},
Journal = {Journal of the American Statistical Association},
Volume = 75,
Pages = {377--385}
}

@article{cox81,
Author = {Cox, L. H.},
Year =  1981,
Title = {Linear Sensitivity Measures in Statistical Disclosure Control},
Journal = {Journal of Statistical Planning and Inference},
Volume = 5,
Pages = {153--164}}

@article{cox95,
Author = {Cox, L. H.},
Year =  1995,
Title = {Network Models for Complementary Cell Suppression},
Journal = {Journal of the American Statistical Association},
Volume = 90,
Pages = {1153--1162}}


@article{cox03,
Author = {Cox, L. H.},
Year = 2003,
Title = {On properties of multi-dimensional statistical tables},
Journal = {Journal of Statistical Planning and Inference},
Volume = 117,
Pages = {251--273}}

@incollection{cox04,
Author = {Cox, L. H. and J.P. Kelly and R. Patil},
Year = 2004,
Title = {Balancing Quality and Confidentiality for Multivariate Tabular Data},
Booktitle = {Privacy in Statistical Databases, Lecture Notes in Computer Science 3050},
editor = {J. Domingo-Ferrer and V. Torra},
Publisher = {Berlin: Springer-Verlag},
Pages = {87--98}}

@incollection{cox08,
Author = {Cox, L. H.},
Year = 2008,
Title = {A Data Quality and Data Confidentiality Assessment of Complementary Cell Suppression},
Booktitle = {Privacy in Statistical Databases, Lecture Notes in Computer Science 5262},
editor = {Domingo-Ferrer, J. and Saygin, Y.},
Publisher = {Heidelberg: Springer-Verlag},
Pages = {13--23}}

@article{cox10,
Author = {Cox, L. H.},
Year =  2010,
Title = {Vulnerability of Complementary Cell Suppression to Intruder Attack},
Journal = {Journal of Privacy and Confidentiality},
Volume = {1(2)},
Pages = {235--251}}

@article{cox11,
Author = {Cox, L. H.},
Year =  2011,
Title = {A Methodology for Constructing {M}arkov Moves Based on Linear Programming},
Journal = {Journal of the American Statistical Association},
Note = {Submitted}}

@article{zayatzjos,
Author = {Zayatz, L.},
Title = {Disclosure avoidance practices and research at the {U. S.} {C}ensus {B}ureau: an update},
Journal = {Journal of Official Statistics},
Year = 2007,
Volume = 23,
Pages = {253--255}}


@article{evanszayatz,
Author = {Evans, T. and  L. Zayatz and J. Slanta},
Year = 1998,
Title = {Using Noise for Disclosure Limitation of Establishment Data},
Journal = {Journal of Official Statistics},
Volume = 14,
Pages= {537--551}}

@article{coxpier,
Author = {Cox, L. H. and W. Piegorsch},
Title = {Combining Environmental Information {I}: Environmental Monitoring, Measurement and Assessment},
Journal = {Environmetrics},
Volume = 7,
Year = 1996,
Pages = {299--308}}

@article{coxpier2,
Author = {Piegorsch, W. and L. H. Cox},
Title = {Combining Environmental Information {II}: Environmental Epidemiology and Toxicology},
Journal = {Environmetrics},
Volume= 7,
Year = 1996,
Pages  = {309--324}}

@incollection{cox98,
Author = {Cox, L. H.},
Title = {Combining Environmental Information},
Booktitle = {Case Studies in Environmental Statistics, Lecture Notes in Statistics 132},
Editor = {D. Nychka and W. Piegorsch and L. Cox},
Publisher = {New York:  Springer-Verlag},
Year = 1998,
Pages = {143--158}}


@article{reit:drech:census,
Author = {Drechsler, J. and Reiter, J. P.},
Title = {Sampling with synthesis: {A} new approach for releasing public use
    census microdata},
Journal  = {Journal of the American Statistical Association},
year = 2010,
Pages = {1347--1357},
Volume = 105
}

@article{drechreitnonparsim,
Author = {Drechsler, J. and Reiter, J. P.},
Title = {An empirical evaluation of easily implemented, nonparametric methods for generating synthetic datasets},
Journal = {Computational Statistics and Data Analysis},
Year = 2011,
Volume = 55,
Pages = {3232--3243}}



@article{reit:caiola,
Author = {Caiola, G. and Reiter, J. P.},
Title = {Random forests for generating partially synthetic, categorical data},
Journal = {Transactions on Data Privacy},
year = 2010,
Volume = 3,
Pages = {27--42}
}

@article{kinneyreiter2,
Author = {Kinney, S. and Reiter, J. P. and Berger, J. O.},
Title = {Model selection when multiple imputation is used
  to protect confidentiality in public use data},
Journal = {Journal of Privacy and Confidentiality},
year = 2010,
Volume = {2},
Pages = {Article 2}
}

@article{reiterfusion,
Author = {Reiter, J. P.},
Title = {Bayesian finite population imputation for data fusion},
Journal = {Statistica Sinica},
year = 2011,
Note = {Submitted}
}

@article{drech:reiter:utility,
Author = {Drechsler, J. and Reiter, J. P.},
Title = {Disclosure risk and data utility
    for partially synthetic data: {A}n empirical study using the German
    {IAB} Establishment Survey},
Journal = {Journal of Official Statistics},
Year = 2009,
Volume = 25,
Pages = {589--603}
}

@techreport{sdlcensusbad,
Author = {Alexander, J. T. and Davern, M. and Stevenson, B.},
Year = 2010,
Institution = {National Bureau of Economic Research, Working Paper 15703},
Title = {Inaccurate age and sex data in the {C}ensus {PUMS} files: {E}vidence and implications}
}

@misc{bialekPUMS,
Author = {Bialek, C.},
Year = {2010},
Title = {Census {B}ureau obscured personal data---too well, some say},
howpublished = {Wall Street Journal, February 5.}
}


@article{blewett:davern,
Author = {Blewett, L. A. and Davern, M.},
Year = 2007,
Title = {Distributing state children's health insurance funds: {A} critical review of the design and implementation of the funding formula},
Journal = {Journal of Health Politics, Policy and Law},
Volume=32,
Pages = {415--455}
}


@article{little:1988,
Author = {Little, R. J. A.},
Title = {Missing data adjustments in large surveys},
Journal = {Journal of Business and Economic Statistics},
Year = 1988,
Volume = 6,
Pages = {287--296}
}

@article{mibayes,
Author = {Zhou, X. and Reiter, J. P.},
Journal = {The American Statistician},
Year = 2010,
Volume = 64,
Pages = {159--163},
Title = {A note on {B}ayesian inference after multiple imputation}}


@article{burgreit10,
Author = {Burgette, L. and Reiter, J. P.},
Journal = {American Journal of Epidemiology},
Year = {2010},
Title = {Multiple imputation via sequential regression trees},
Pages = {1070--1076},
Volume = 172}
}

@book{hogandaniels,
Author = {Hogan, J. W. and Daniels, M. J.},
Title = {Missing Data in Longitudinal Studies},
Year = 2008,
Publisher = {Boca Raton: Chapman and Hall}}


@book{diggleheag,
Author = {Diggle, P. J. and Heagerty, P. J. and Liang, K. Y. and Zeger, S. L.},
Title = {Analysis of Longitudinal Data, Second Edition},
Year = 2002,
Publisher = {Oxford University Press}}

@book{fitzmaurice,
Author = {Fitzmaurice, G. M. and Laird, N. M. and Ware, J. H.},
Title = {Applied Longitudinal Analysis},
Publisher = {New York: Wiley Interscience},
Year = 2004}

@book{hedeker,
Author = {Hedeker, D. and Gibbons, R. D.},
Title = {Longitudinal Data Analysis},
Publisher = {New York: John Wiley \& Sons},
Year = 2006}

@article{kenward,
Author = {Kenward, M. G.},
Title = {Selection models for repeated measurements with non-random dropout: an illustration of sensitivity},
Journal = {Statistics in Medicine},
Year = 1998,
Volume = 17,
Pages = {2723--2732}}

@article{kenwardmolenthijs,
Author = {Kenward, M. G. and Molenberghs, G. and Thijs, H.},
Title = {Pattern-mixture models with proper time dependence},
Journal = {Biometrika},
Volume = 90,
Year = 2003,
Pages = {52--71}}


@article{molenbeunk,
Author = {Molenberghs, G. and Beunckens, C. and Sotto, C. and Kenward, M. G.},
Title = {Every missingness not at random model has a missingness at random counterpart with equal fit},
Journal = {Journal of the Royal Statistical Society, Series B},
Volume = 70,
Year = 2008,
Pages = {371--388}}

@article{dorsett10,
Author = {Dorsett, R.},
Title = {Adjusting for Nonignorable Sample Attrition Using Survey Substitutes Identified by Propensity Score Matching:  An Empirical Investigation Using Labour Market Data},
Journal = {Journal of Official Statistics},
Year = 2010,
Volume = 26,
Pages = {105--125}}


@book{verbmol,
Author = {Verbeke, G. and Molenberghs, G.},
Year = 2000,
Title = {Linear Mixed Effects Models for Longitudinal Data},
Publisher = {Berlin: Springer-Verlag}}


@article{linmccol,
Author = {Lin, H. and McCulloch, C. E. and Rosenheck, R. A.},
Title = {Latent pattern mixture models for informative intermittent missing data in longitudinal studies},
Journal = {Biometrics},
Year = 2004,
Pages = {295--305},
Volume = 60}}

@article{littlepatmix,
Author = {Little, R. J. A.},
Title = {Pattern-mixture models for multivariate incomplete data},
Journal = {Journal of the American Statistical Association},
Year = 1993,
Volume = 88,
Pages = {125--134}}


@article{roy,
Author = {Roy, J.},
Title = {Modeling longitudinal data with nonignorable dropouts using a latent dropout class model},
Journal = {Biometrics},
Year = 2003,
Volume = 59,
Pages = {829--836}}

@article{roydaniels,
Author = {Roy, J. and Daniels, M. J.},
Year = 2008,
Title = {A General class of pattern mixture models for nonignorable dropout with many possible dropout times},
Journal = {Biometrics},
Volume = 64,
Pages= {538--545}}

@article{scharfrobrot,
Author = {Scharfstein, D. O. and Rotnitzky, A. and Robins, J. M.},
Title = {Adjusting for nonignorable drop-out using semiparametric nonresponse models},
Journal  = {Journal of the American Statistical Association},
Year = 1999,
Volume = 94,
Pages = {1096--1120}}



@article{heckman,
Author = {Heckman, J.},
Year = 1979,
Title = {Sample selection bias as a specification error},
Journal = {Econometrica},
Volume = 47,
Pages = {153--161}}


@article{ibrahim,
Author = {Ibrahim, J. G. and Lipsitz, S. R. and Chen, M. H.},
Title = {Missing covariates in generalized linear models when the missing data mechanism is non-ignorable},
Journal = {Journal of the Royal Statistical Society, Series B},
Volume = 61,
Year = 1999,
Pages = {173--190}}

@article{ibrahimlips,
Author = {Ibrahim, J. G. and Lipsitz, S. R.},
Title = {A conditional model for incomplete covariates in parametric regression models},
Journal = {Biometrika},
Volume = 83,
Year = 1996,
Pages = {916--922}}


@article{amelia,
Author = {King, Gary and Honaker, James and Joseph, Anne and Scheve, Kenneth},
Title = {Analyzing incomplete political science data: {A}n alternative algorithm for multiple imputation},
Journal = {American Political Science Review},
Volume = 95,
Year = 2001,
Pages = {49--69}}

@article{pram,
Title = {Post randomisation for statistical disclosure control: {T}heory and implementation},
Author = {Gouweleeuw, J. M. and Kooiman, P. and  Willenborg, {L.C.R.J.} and de Wolf, P. P.},
Journal = {Journal of Official Statistics},
Year = 1998,
Volume = 14,
Pages = {463--478}}

@article{lizasl,
Author = {Li, F. and Zaslavsky, A. M.},
Year =  2010,
Title =  {Using a short screening scale for small-area estimation of prevalence of serious emotional disturbance for schools.},
Journal = {Journal of the American Statistical Association},
Volume = 105,
Pages = {1323--1332}
}


@article{ligreen,
Author = {Li, F. and Green, J. G. and Zaslavsky, A. M. and Kessler, R.},
Year = 2010,
Title = {Estimating prevalence of serious emotional disturbance in schools using a brief screening scale},
Journal = {International Journal of Methods in Psychiatric Research},
Volume = 19,
Pages = {88--98}
}


@article{schwartzlimeall,
Author = {Schwartz, S. L. and Li, F. and Mealli, F.},
Year = 2010,
Title = {A {B}ayesian semiparametric approach to intermediate variables in causal inference},
Journal = {Journal of the American Statistical Association},
Note = {Submitted}
}

@article{monotone,
Author = {Baccini, M. and Cook, S. and Frangakis, C. E. and Li, F. and Mealli, F. and Rubin, D. B. and  Zell, E. Z.},
Year = 2010,
Title = {Multiple imputation by ordered monotone blocks},
Journal = {Chance},
Volume = {23(2)},
Pages = {16--23}
}

@incollection{malecmull,
Author = {Malec, D. and Muller, P.},
Year = 2008,
Title = {A {B}ayesian Semi-parametric model for small area estimation},
Booktitle = {Pushing the Limits of Contemporary Statistics: Contributions in Honor
of Jayanta K. Ghosh},
Publisher = {IMS Collections},
Pages = {223--236}}


@article{petrinreiterwhite,
Author = {Petrin, A. and Reiter, J. P. and White, T. K.},
Year = 2011,
Title = {The impact of plant-level resource reallocations and technical
progress on {U.S.} macroeconomic growth},
Journal = {Review of Economic Dynamics},
Volume = 14,
Pages = {3--26}
}

@article{petrinreiterwhitenber,
Author = {Petrin, A. and White, T. K. and Reiter, J. P.},
Year = 2011,
Title = {The impact of plant-level resource reallocations and technical
progress on {U.S.} macroeconomic growth},
Journal = {National Bureau of Economic Research Working Paper No. 16700}
}

@article{vanbuuren:06,
Author = {Van Buuren, S. and Brand, J. P. L. and Groothuis-Oudshoorn, C. G. M. and Rubin, D. B.},
Title = {Fully conditional specification in multivariate imputation},
Year = 2006,
Journal = {Journal of Statistical Computation and Simulation},
Volume = 76,
Pages = {1049--1064}}


@techreport{miceproblems,
Author = {Yu, Y. and Li, F. and Rubin, D. B.},
Year = 2010,
Title = {Imputing Missing Data by Fully Conditional Models: {S}ome Cautionary Examples and Guidelines},
Institution = {Department of Statistical Science, Duke University}
}

@article{bhatdun,
Author = {Bhattacharya, A. and Dunson, D. B.},
Year = 2011,
Title = {Simplex factor models for multivariate unordered categorical data},
Journal = {Journal of the American Statistical Association},
Note = {Submitted}}

@article{candun,
Author = {Canale, A. and Dunson, D. B.},
Year = 2011,
Title = {Bayesian kernel mixtures for counts},
Journal = {Journal of the American Statistical Association},
Note = {Submitted}}

@article{dunsoncarin,
Author = {Chen, M. and Silva, J. and Paisley, J. and Wang, C. and Dunson, D. and Carin, L.},
Title =  {Compressive sensing on manifolds using a nonparametric mixture of factor analyzers: Algorithm and performance bounds},
Year = {2010},
Journal = {IEEE Transactions on Signal Processing},
Volume = 58,
Pages = {6140--6155}
}

@article{chendunson,
Author = {Chen, M. and Zaas, A. and Wood, C. and Ginsberg, G. S. and Lucas, J. and Dunson, D. B. and Carin, L.},
Year = 2011,
Title = {Predicting viral infection from high-dimensional biomarker trajectories},
Journal = {Journal of the American Statistical Association},
Note = {Submitted}}

@article{chungdunson,
Author = {Chung, Y. and Dunson, D. B.},
Year = 2009,
Title ={Nonparametric {B}ayes conditional distribution modeling with variable selection},
Journal = {Journal of the American Statistical Association},
Volume = 104,
Pages = {1646--1660}}

@article{dunson09,
Author = {Dunson, D. B.},
Year =2009,
Title = {Nonparametric Bayes local partition models for random effects},
Journal = {Biometrika},
Volume = 96,
Pages = {249--262}}

@article{dunson10,
Author = {Dunson, D. B.},
Year = 2010,
Title = {Multivariate kernel partition process mixtures},
Journal = {Statistica Sinica},
Volume = 20,
Pages = {1395--1422}}

@article{dunsonpark,
Author = {Dunson, D. B. and Park, J-H},
Year = 2008,
Title = {Kernel stick-breaking processes},
Journal = {Biometrika},
Volume = 95,
Pages = {307--323}}

@article{dunsonpillai,
Author = {Dunson, D. B. and Pillai, N. and Park, J-H.},
Year = 2007,
Title = {Bayesian density regression},
Journal = {Journal of the Royal Statistical Society Series B},
Volume = 69,
Pages = {163--183}}

@article{dunsonxing,
Author = {Dunson, D. B. and Xing, C.},
Year = 2009,
Title = {Nonparametric {B}ayes modeling of multivariate categorical data},
Journal = {Journal of the American Statistical Association},
Volume = 104,
Pages = {1042--1051}}

@article{mclachlan,
Author = {McLachlan, G. J. and Peel, D. and Bean, R. W.},
Year = 2003,
Title =  {Modelling high dimensional data by mixtures of factor analyzers},
Journal = {Computational Statistics and Data Analysis},
Volume =  41,
Pages = {379--388}}

@article{parkdunson,
Author = {Park, J-H. and Dunson, D. B.},
Year = 2010,
Title = {Bayesian generalized product partition model},
Journal = {Statistica Sinica},
Volume = 27,
Pages = {55--65}}

@article{patidunson,
Author = {Pati, D. and Dunson, D. B.},
Year = 2011,
Title = {Posterior consistency in conditional distribution estimation},
Journal =  {Annals of Statistics},
Note = {Submitted}}

@article{abelduns,
Author = {Rodriguez, A. and Dunson, D. B. and Gelfand, A. E.},
Year = 2010,
Title = {Latent stick-breaking processes},
Journal =  {Journal of the American Statistical Association},
Volume = 105,
Pages = {647--659}}

@article{wughosal,
Author  = {Wu, Y. and Ghosal, S.},
Year = 2011,
Title = {The $L_1$-consistency of {D}irichlet mixtures in multivariate {B}ayesian density estimation},
Journal = {Journal of Multivariate Analysis}
}

@article{yangduns,
Author = {Yang, M. G. and Dunson, D. B.},
Year = 2010,
Title = {Bayesian semiparametric structural equation models with latent variables},
Journal =  {Psychometrika},
Volume = 75,
Pages = {675--693}}

@article{hotzmullin,
Author = {Hotz, V. J. and Mullin, C. and Scholz, J. K.},
Year = 2010,
Title = {Examining the Effect of the {E}arned {I}ncome {T}ax {C}redit on the Labor Market Participation of Families
on Welfare},
Journal = {Journal of Human Resources},
Note = {Submitted}}

@incollection{hotz10,
Author =  {Hotz, V. J.},
Year = 2010,
Title = {Economics and the {E}arned {I}ncome {T}ax {C}redit: A Comment},
Booktitle = {Better Living Through Economics: How Economic Research Improves Our Lives},
Editor = {J. Siegfried},
Publisher = {Harvard University Press},
Pages =  {106--109}}

@article{hotzschulz,
Author = {Hotz, V. J. and Scholz, J. K.},
Year = 2008,
Title = {Can Administrative Data on Child Support Be Used to Improve the {EITC}? {E}vidence from {W}isconsin},
Journal = {National Tax Journal},
Volume =  {LXI, No. 2},
Pages =  {189--203}}

@Article{datta98,
author = {Datta, G.S. and Day, B. and Maiti, T.},
title = {Multivariate {B}ayesian Small Area Estimation: Application to Survey and Satellite Data},
journal = {Sankhya, Series A},
volume = {60},
year = {1998},
pages = {1--19}
}

@Article{ghosh94,
author = { Ghosh, M. and Rao, J. N. K.},
title = {Small Area Estimation: An Appraisal},
journal = {Statistical Science},
volume = {9(1)},
year = {1994},
pages = {55--76}
}

@Article{nandram04,
author = {Nandram,B. and Choi, J.W.},
title = {Nonparametric {B}ayesian analysis of a proportion for a small area under nonignorable nonresponse},
journal = {Journal of Nonparametric Statistics},
volume = {16(6)},
year = {2004},
pages = {821--839}
}


@Article{raghu07,
author =  {Raghunathan, T. E. and Xie, D. and Schenker, N. and Parsons, V. L. and Davis, W. W. and Feuer, E. J. and Dodd, K. W.},
title = {Combining Information from Two Surveys to Estimate County-level Prevalence Rates of Cancer Risk Factors and Screening},
journal = {Journal of the American Statistical Association},
volume = {102},
year = {2007},
pages = {474--486}
}

@Article{schenker07,
author = {Schenker, N. and Raghunathan, T. E.},
title = {Combining Information from Multiple Surveys to Enhance Estimation of Measures of Health},
journal = {Statistics in Medicine},
volume = {26(8)},
year = {2007},
pages = {1802--1811}
}


@techreport{sanders08,
Title = {Are Children Normal},
Author = {S. G. Sanders and D. Black and N. Kolesnikova and L. Taylor},
Institution = {Working Paper 2008-040D, Federal Reserve Bank of St. Louis},
Year = 2008}}

@article{sanders05,
Title = {The Economic Impact of the Coal Boom and Bust},
Author =  {S. G. Sanders and D. Black and T. McKinnish},
Journal = {Economic Journal},
Year = 2005,
Volume = {115},
Pages = {444--471}}

@article{sanders05a,
Title = {Tight Labor Markets and the Demand for Education: Evidence from the Coal Boom and Bust},
Author = {S. G. Sanders and T. McKinnish and D. Black},
Journal = {Industrial and Labor Relations Review},
Year = 2005,
Volume = 59,
Pages = {3--16}}

@article{sanders03,
Title = {Does the Availability of High-Wage Jobs for Low-Skilled Men Affects {AFDC} Expenditures: Evidence from Shocks to the Coal and Steel Industries},
Author ={S. G. Sanders and D. Black and T. McKinnish},
Journal = {Journal of the Public Economics},
Year = 2003,
Volume = 87,
Pages = {1919--1940}}

@article{sanders02,
Title = {Are We Understanding the Impact of Economic Conditions on Welfare Rolls?},
Author = {S. G. Sanders and D. Black and T. McKinnish},
Journal =  {Australian Journal of Labour Economics},
Year = 2002,
Volume = 5,
Pages = {489--505}}

@article{sanders02a,
Title = {The Impact of Economic Conditions on Participation in Disability Program:  Evidence from the Coal Boom and Bust},
Author = {S. G. Sanders and D. Black and K. Daniel},
Journal = {American Economic Review},
Year = 2002,
Volume = 92,
Pages =  {27--50}}

@article{sanders03a,
Title = {Measurement of Higher Education in the Census and {CPS}},
Author =  {S. G. Sanders and D. Black and L. Taylor},
Journal = {Journal of the American Statistical Association},
Year = 2003,
Volume = 98,
Pages =  {545--554}}

@incollection{intervalproperty,
Author = {De Loera, J. and S. Onn},
Year = 2004,
Title = {All rational polytopes are transportation polytopes and all polytopcal integer sets are  contingency tables},
Booktitle = {Proceedings of the IPCD 10 Symposium on Integer Programming and Combinatorial Optimization},
Publisher = {Lecture Notes in Computer Science 3064, Berlin: Springer},
Pages = {338--351}}


@article{diaconissturmfels,
Author = {Diaconis, P. and Sturmfels, B.},
Year = 1998,
Title = {Algebraic algorithms for sampling from discrete distributions},
Journal = {Annals of Statistics},
Volume = 26,
Pages = {363--397}}

@article{dobra03,
Author = {Dobra, A.},
Year = 2003,
Title = {Markov bases for decomposable graphical models},
Journal = {Bernoulli},
Volume = 9,
Pages = {1093--1108}}



@unpublished{DARIS:2008,
Author = {University of Texas and U.S. Census Bureau},
Year = 2008,
Title = {Agreement Between {R}ay {M}arshall {C}enter for the {S}tudy of {H}uman {R}esources at the {U}niversity of {T}exas  at  {A}ustin  and the {U}. {S}. {C}ensus {B}ureau for Use of  Confidential {T}exas Administrative Records},
Note = {June}}

@unpublished{Hildreth:Hotz:2006,
Author = {Hildreth, A. and Hotz, V. J.},
Year = 2006,
Title = {What happened to the Income of Former Welfare Recipients during the 1990s? {E}vidence from {C}alifornia using Matched {SIPP}-Administrative Data},
Note = {Conference paper, June}}

@article{card:hildreth:shore:2004,
Author = {Card, D. and Hildreth, A. and Shore-Sheppard, L.},
Year = 2004,
Title = {The Measurement of {M}edicaid Coverage in the {SIPP}: {E}vidence from a Comparison of Matched Records},
Journal = {Journal of Business and Economic Statistics},
Voluome = 22,
Pages= {410--420}}

@article{lee:carter:1992,
Author = {Lee, R. D. and Carter, L.},
Year = 1992,
Title = {Modeling and Forecasting the Time Series of {U.S.} Mortality},
Journal = {Journal of the American Statistical Association},
Volume = 87,
Pages = {659--671}}

@article{vaupel:Manton:stallard:1979,
Author = {Vaupel, J. and Manton, K. and Stallard, E.},
Year = 1979,
Title = {Impact of Heterogeniety on the Dynamics of Mortality},
Journal = {Demography},
Volume = 16,
Pages = {439--454}}

@article{elo:preston:1992,
Author =  {Elo, I. and Preston, S.},
year = 1992,
Title = {Effects of Early Life Conditions on Adult Mortality: A Review},
Journal = {Population Index},
Volume = 58,
Pages = {186--212}}

@article{lillard:panis:1998,
Author = {Lillard, L. and Panis, S.},
Year = 1998,
Title = {Panel Attrition from the {P}anel {S}tudy of {I}ncome {D}ynamics: Household Income, Marital Status, and Mortality},
Journal = {The Journal of Human Resources},
Volume = 33,
Pages = {437--457}}

@book{hillygushardcount,
  title={{The Hard Count: {T}he Political and Social Challenges of Census Mobilization}},
  author={Hillygus, D. S. and Nie, N. and Prewitt, K. and Pals, H.},
  year={2006},
  publisher={Russell Sage Foundation}
}

@article{Hillygusmeasurement,
Journal = {Public Opinion Quarterly},
Author = {Treier, S. and Hillygus, D. S.},
Title = {The Nature of Political Ideology in the Contemporary Electorate},
Volume = 73,
Year = 2009,
Pages= {679--703}}

@article{reiterpoq,
Journal = {Public Opinion Quarterly},
Author = {Reiter, J. P.},
Title = {Statistical approaches to protecting confidentiality for microdata and their effects on the quality of statistical inferences},
Volume = 76,
Year = 2012,
Pages= {163--181}}




@incollection{hillygussurveychallenges,
          Author = {Hillygus, D. S.},
          editor = {Berinsky, A.},
publisher = {New York: Routledge},
Title = {The Practice of Survey Research: Changes and Challenges},
          Year = 2011,
          booktitle = {New Directions in Public Opinion}
       }

@techreport{bishop,
Author = {Bishop, B. and A. Cooper and D. S. Hillygus},
Year = 2009,
Title = {Innovative Survey Methodologies for the Study of Attitudes Toward Terrorism and Counterterrorism Strategies},
Institution = {Institute for Homeland Security Solutions, Duke University}}

@incollection{hillygussurveystandards,
          Author = {Hillygus, D. S.},
          editor = {King, G. and Nie, N. and Schlozman, K.},
publisher = {New York: Routledge},
Title = {The Need for Survey Reporting Standards in
Political Science},
          Year = 2009,
          booktitle = {The Future of Political Science}
          }

@article{sireiter,
Author = {Si, Y. and Reiter, J. P.},
Journal = {Journal of Statistical Theory and Practice},
Year = 2011,
Title = {A comparison of posterior simulation and inference by combining rules for multiple imputation},
Volume = 5,
Pages = {335--347}}

@misc{memom1102,
Author = {Zients, J. D. and Sunstein, C. R.},
Title = {Memorandum for the heads of executive departments and agencies: Sharing data while protecting privacy},
Year = 2010,
Month = {November 3,},
howpublished = {Executive Office of the President, Office of Management and Budget, M-11-02}}


@article{wangreiter,
Author = {Wang, H. and Reiter, J. P.},
Year = 2012,
Journal = {Annals of Applied Statistics},
Title = {Multiple imputation for sharing precise geographies in public use data},
Volume = 6,
Pages = {229--252}}

@article{subsampsynthesis,
Author = {Drechsler, J. and Reiter, J. P.},
Year = 2011,
Journal = {Survey Methodology},
Title = {Combining synthetic data with subsampling to create public use microdata files for large scale surveys},
Note = {Forthcoming}}

@article{annesophie,
Author = {Charest, A. S.},
Title = {How can we analyze differentially private synthetic datasets},
Journal = {Journal of Privacy and Confidentiality},
Volume = {2:2},
Year = 2010,
Pages = {Article 3}}


@article{krishdiffpriv,
Author = {Rathindra Sarathy and Krishnamurty Muralidhar},
Title = {Evaluating {L}aplace Noise Addition to Satisfy Differential Privacy for Numeric Data},
Year = 2011,
Journal = {Transactions on Data Privacy},
Pages = {1--17},
Volume = 4}

@article{blumetal,
Author = {A. Blum and K. Ligett and A. Roth},
Title  = {A learning theory approach to non-interactive database privacy},
Journal = {Proceedings of the 40th ACM SIGACT Symposium on Thoery of Computing},
Year = 2008}

@article{baraketal,
Author = {B. Barak and K. Chaudhuri and C. Dwork and S. Kale and F. McSherry and K. Talwar},
Title = {Privacy, accuracy, and consistency too: a holistic solution to contingency table release},
Journal = {Proceedings of the 27th ACM SIGMOD International Conference on Management of Data / Principles of Database Systems},
Year = 2007}

@article{wasserman,
Author = {Wasserman, L. and Zhou, S.},
Title = {A statistical framework for differential privacy},
Journal = {Journal of the American Statistical Association},
Volume = 105,
Year = 2010,
Pages = {375--389}}

@article{reiterwired,
Author = {Reiter, J. P.},
Title = {Data confidentiality},
Year = 2011,
Journal = {Wiley Interdisciplinary Reviews: Computational Statistics},
Volume = 3,
Pages = {450--456}}

@article{sinharay2011,
Author = {Sinharay, S. and Stern, H.S. and Russell, D},
Title = {The Use of Multiple Imputation for the Analysis of Missing Data},
Year = 2001,
Journal = {Psychological Methods},
Volume = 6,
Pages = {317--329}}

@article{mcclurereiter,
Author = {McClure, D. and Reiter, J. P.},
Title = {Towards providing automated feedback on the quality of inferences from synthetic datasets},
Journal = {Journal of Privacy and Confidentiality},
Volume = {4:1},
year = {2012},
Pages = {Article 8}
}

@article{mcclurereitertdp,
Author = {McClure, D. and Reiter, J. P.},
Title = {Differential privacy and statistical disclosure risk measures: An illustration with binary synthetic data},
Journal = {Transactions on Data Privacy},
Volume = {5},
Year = 2012,
Pages = {535--552}
}

@article{reiterisrdiscussion,
          Author = {Reiter, J. P.},
          Title = {Commentary on article by {G}ates},
          Year = {2011},
          Volume={3},
          Journal = {Journal of Privacy and Confidentiality},
    Pages = {Article 8}
}

@article{burgreitBA,
  Title = {Multiple-shrinkage multinomial probit models with applications to simulating geographies in public use data},
          Year = {2013},
          Volume={8},
          Journal = {Bayesian Analysis},
    Pages = {453--478},
Author = {Burgette, L. F. and Reiter, J. P.}
}

@article{kinneyreiterjos,
Author = {Reiter, J. P. and Kinney, S. K.},
Title = {Inferentially valid, partially synthetic data: Generating from posterior predictive distributions not necessary},
Journal = {Journal of Official Statistics},
Volume = 28, 
Year = 2012,
Pages = {583--590}}

@article{reiterdiscisr,
Author = {Reiter, J. P.}, 
Journal = {International Statistical Review},
Year = 2012, 
Volume = 80,
Pages = {373--375},
Title = {Discussion: {B}ayesian perspectives and disclosure risk assessment}}

@incollection{sesapsd,
Author = {Karwa, V. and A. S. Slavkovic},
Year = 2012,
Title = {Differentially private graph degree sequences and synthetic graphs},
Booktitle = {Privacy in Statistical Databases, Lecture Notes in Computer Science 7556},
editor = {J. Domingo-Ferrer and I. Tinnirello},
Publisher = {Berlin: Springer-Verlag},
Pages = {273--285}}
