@techreport{winkler_overview_2006,
  title = {{Overview of Record Linkage and Current Research Directions}},
  number = {Statistics \#2006-2},
  institution = {Statistical Research Division, U.S. Census Bureau},
  author = {Winkler, William E.},
  month = feb,
  year = {2006}
}

@article{saria_trillion_2014,
  title = {A \$3 trillion challenge to computational scientists: {Transforming} healthcare delivery},
  author = {Suchi Saria},
  year = {2014},
  month = jul,
  doi = {10.1109/MIS.2014.58},
  volume = {29},
  pages = {82--87},
  journal = {IEEE Intelligent Systems},
  issn = {1541-1672},
  number = {4}
}

@misc{price_2013,
  title = {{Updated Statistical Analysis of Documentation of Killings in the Syrian Arab Repulic}},
  author = {Price, Megan and Klinger, Jeff and Qtiesh, Anas and Ball, Patrick},
  month = jun,
  year = {2013},
  organization = {Human Rights Data Analysis Group, commissioned by the United Nations Office of the High Commissioner for Human Rights (OHCHR)}
}

@book{christen_data_2012,
  address = {Berlin Heidelberg},
  series = {Data-{Centric} {Systems} and {Applications}},
  title = {Data {Matching}: {Concepts} and {Techniques} for {Record} {Linkage}, {Entity} {Resolution}, and {Duplicate} {Detection}},
  isbn = {978-3-642-31163-5},
  shorttitle = {Data {Matching}},
  publisher = {Springer-Verlag},
  author = {Christen, Peter},
  year = {2012}
}

@article{dong_big_2015,
  title = {Big {Data} {Integration}},
  volume = {7},
  issn = {2153-5418},
  doi = {10.2200/S00578ED1V01Y201404DTM040},
  number = {1},
  journal = {Synthesis Lectures on Data Management},
  author = {Dong, Xin Luna and Srivastava, Divesh},
  month = feb,
  year = {2015},
  pages = {1--198}
}

@article{soon_machine_2001,
  title = {{A Machine Learning Approach to Coreference Resolution of Noun Phrases}},
  author = {Soon, Wee Meng and Ng, Hwee Tou and Lim, Daniel Chung Yong},
  journal = {Computational linguistics},
  volume = {27},
  number = {4},
  pages = {521--544},
  year = {2001},
  doi = {10.1162/089120101753342653},
  publisher = {MIT Press}
}

@book{Herzog_2007,
  address = {New York},
  author = {Herzog, Thomas N. and Scheuren, Fritz J. and Winkler, William E.},
  publisher = {Springer-Verlag},
  title = {{Data Quality and Record Linkage Techniques}},
  year = {2007},
  doi = {10.1007/0-387-69505-2},
  isbn = {978-0-387-69502-0}
}

@article{lahiri_2005,
  author = {Lahiri, P. and Larsen, Michael D.},
  journal = {Journal of the American Statistical Association},
  number = {469},
  pages = {222--230},
  title = {Regression Analysis With Linked Data},
  publisher = {Taylor \& Francis},
  volume = {100},
  year = {2005},
  doi = {10.1198/016214504000001277}
}

@techreport{winkler_state_1999,
  title = {The {State} of {Record} {Linkage} and {Current} {Research} {Problems}},
  institution = {Statistical Research Division, U.S. Bureau of the Census},
  author = {Winkler, William E.},
  year = {1999}
}

@inproceedings{winkler_2000,
  author = {Winkler, William E.},
  booktitle = {Proceedings of the Section on Survey Research Methods, 20--29},
  publisher = {American Statistical Association},
  title = {Machine Learning, Information Retrieval, and Record Linkage},
  _url = {http://www.niss.org/affiliates/dqworkshop/papers/winkler.pdf},
  year = {2000}
}

@article{steorts_entity_2015,
  title = {Entity {Resolution} with {Empirically} {Motivated} {Priors}},
  volume = {10},
  issn = {1936-0975, 1931-6690},
  doi = {10.1214/15-BA965SI},
  number = {4},
  journal = {Bayesian Analysis},
  author = {Steorts, Rebecca C.},
  month = dec,
  year = {2015},
  pages = {849--875}
}

@inproceedings{zanella_flexible_2016,
  address = {NY, USA},
  series = {{NIPS}'16},
  title = {Flexible {Models} for {Microclustering} with {Application} to {Entity} {Resolution}},
  isbn = {978-1-5108-3881-9},
  booktitle = {Proceedings of the 30th {International} {Conference} on {Neural} {Information} {Processing} {Systems}},
  publisher = {Curran Associates Inc.},
  author = {Zanella, Giacomo and Betancourt, Brenda and Wallach, Hanna and Miller, Jeffrey and Zaidi, Abbas and Steorts, Rebecca C.},
  year = {2016},
  pages = {1425--1433}
}

@article{sadinle_bayesian_2017,
  title = {Bayesian {Estimation} of {Bipartite} {Matchings} for {Record} {Linkage}},
  volume = {112},
  issn = {0162-1459},
  doi = {10.1080/01621459.2016.1148612},
  number = {518},
  journal = {Journal of the American Statistical Association},
  author = {Sadinle, Mauricio},
  month = apr,
  year = {2017},
  pages = {600--612}
}

@article{fortini_bayesian_2001,
  author = {Fortini, M. and Liseo, B. and Nuccitelli, A. and Scanu, M.},
  title = {{On Bayesian Record Linkage}},
  journal = {Research in Official Statistics},
  year = {2001},
  number = {1},
  volume = {4},
  pages = {185--198},
  _url = {https://op.europa.eu/en/publication-detail/-/publication/608fb041-c2ff-4457-9487-647a1e02b863}
}

@inproceedings{larsen_advances_2005,
  author = {Larsen, Michael D.},
  title = {{Advances in Record Linkage Theory: Hierarchical Bayesian Record Linkage Theory}},
  booktitle = {Proceedings of the Survey Research Methods Section},
  year = {2005},
  publisher = {American Statistical Association},
  pages = {3277--3284}
}

@misc{larsen_experiment_2012,
  title = {An experiment with hierarchical {Bayesian} record linkage},
  author = {Larsen, Michael D.},
  year = {2012},
  note = {{arXiv:1212.5203}},
  eprint = {1212.5203},
  archivePrefix = {arXiv},
  primaryClass = {math.ST}
}

@article{tancredi_hierarchical_2011,
  title = {A hierarchical {Bayesian} approach to record linkage and population size problems},
  volume = {5},
  issn = {1932-6157, 1941-7330},
  doi = {10.1214/10-AOAS447},
  number = {2B},
  journal = {The Annals of Applied Statistics},
  author = {Tancredi, Andrea and Liseo, Brunero},
  month = jun,
  year = {2011},
  pages = {1553--1585}
}

@article{gutman_bayesian_2013,
  title = {A {Bayesian} {Procedure} for {File} {Linking} to {Analyze} {End}-of-{Life} {Medical} {Costs}},
  volume = {108},
  issn = {0162-1459},
  doi = {10.1080/01621459.2012.726889},
  number = {501},
  journal = {Journal of the American Statistical Association},
  author = {Gutman, Roee and Afendulis, Christopher C. and Zaslavsky, Alan M.},
  month = mar,
  year = {2013},
  pages = {34--47}
}

@article{sadinle_detecting_2014,
  author = {Sadinle, Mauricio},
  doi = {10.1214/14-AOAS779},
  fjournal = {The Annals of Applied Statistics},
  journal = {Ann. Appl. Stat.},
  month = dec,
  number = {4},
  pages = {2404--2434},
  publisher = {The Institute of Mathematical Statistics},
  title = {Detecting duplicates in a homicide registry using a Bayesian partitioning approach},
  volume = {8},
  year = {2014}
}

@article{steorts_bayesian_2016,
  title = {A {Bayesian} {Approach} to {Graphical} {Record} {Linkage} and {Deduplication}},
  volume = {111},
  issn = {0162-1459},
  doi = {10.1080/01621459.2015.1105807},
  number = {516},
  journal = {Journal of the American Statistical Association},
  author = {Steorts, Rebecca C. and Hall, Rob and Fienberg, Stephen E.},
  month = oct,
  year = {2016},
  pages = {1660--1672}
}

@article{christen_survey_2012,
  author = {Peter Christen},
  journal = {IEEE Transactions on Knowledge and Data Engineering},
  title = {{A Survey of Indexing Techniques for Scalable Record Linkage and Deduplication}},
  year = {2012},
  volume = {24},
  number = {9},
  pages = {1537--1555},
  doi = {10.1109/TKDE.2011.127},
  ISSN = {2326-3865},
  month = sep
}

@article{newcombe_automatic_1959,
  title = {Automatic {Linkage} of {Vital} {Records}: {Computers} can be used to extract "follow-up" statistics of families from files of routine records},
  volume = {130},
  issn = {0036-8075, 1095-9203},
  doi = {10.1126/science.130.3381.954},
  number = {3381},
  journal = {Science},
  author = {Newcombe, H. B. and Kennedy, J. M. and Axford, S. J. and James, A. P.},
  month = oct,
  year = {1959},
  pages = {954--959}
}

@article{fellegi_theory_1969,
  title = {A {Theory} for {Record} {Linkage}},
  volume = {64},
  issn = {0162-1459},
  doi = {10.1080/01621459.1969.10501049},
  number = {328},
  journal = {Journal of the American Statistical Association},
  author = {Fellegi, Ivan P. and Sunter, Alan B.},
  month = dec,
  year = {1969},
  pages = {1183--1210}
}

@article{winkler2014matching,
  title = {Matching and record linkage},
  author = {Winkler, William E.},
  journal = {Wiley Interdisciplinary Reviews: Computational Statistics},
  volume = {6},
  number = {5},
  pages = {313--325},
  year = {2014},
  month = jul,
  publisher = {Wiley Online Library},
  issn = {1939-0068},
  doi = {10.1002/wics.1317}
}

@article{sadinle_generalized_2013,
  title = {A {Generalized} {Fellegi}-{Sunter} {Framework} for {Multiple} {Record} {Linkage} {With} {Application} to {Homicide} {Record} {Systems}},
  volume = {108},
  issn = {0162-1459},
  doi = {10.1080/01621459.2012.757231},
  number = {502},
  journal = {Journal of the American Statistical Association},
  author = {Sadinle, Mauricio and Fienberg, Stephen E.},
  month = jun,
  year = {2013},
  pages = {385--397}
}

@inproceedings{steorts_comparison_2014,
  series = {Lecture {Notes} in {Computer} {Science}},
  title = {A {Comparison} of {Blocking} {Methods} for {Record} {Linkage}},
  isbn = {978-3-319-11257-2},
  doi = {10.1007/978-3-319-11257-2_20},
  booktitle = {Privacy in {Statistical} {Databases}},
  editor = {Domingo-Ferrer, Josep},
  publisher = {Springer International Publishing},
  address = {Cham},
  author = {Steorts, Rebecca C. and Ventura, Samuel L. and Sadinle, Mauricio and Fienberg, Stephen E.},
  month = sep,
  year = {2014},
  pages = {253--268}
}

@article{enamorado_using_2019, 
  title = {Using a {Probabilistic} {Model} to {Assist} {Merging} of {Large-Scale} {Administrative} {Records}}, 
  volume = {113}, 
  DOI = {10.1017/S0003055418000783}, 
  number = {2}, 
  journal = {American Political Science Review}, 
  publisher = {Cambridge University Press}, 
  author = {Enamorado, Ted and Fifield, Benjamin and Imai, Kosuke}, 
  year = {2019}, 
  pages = {353–371}
}

@misc{mcveigh_scaling_2019,
  title = {{Scaling Bayesian Probabilistic Record Linkage with Post-Hoc Blocking: An Application to the California Great Registers}},
  author = {Brendan S. McVeigh and Bradley T. Spahn and Jared S. Murray},
  year = {2019},
  eprint = {1905.05337},
  note = {{arXiv:1905.05337}},
  archivePrefix = {arXiv},
  primaryClass = {stat.ME}
}

@article{tancredi_unified_2020,
  author = {Tancredi, Andrea and Steorts, Rebecca and Liseo, Brunero},
  doi = {10.1214/19-BA1146},
  journal = {Bayesian Analysis},
  publisher = {International Society for Bayesian Analysis},
  title = {{A Unified Framework for De-Duplication and Population Size Estimation}},
  year = {2020}
}

@inproceedings{steorts_performance_2017,
  address = {Fort Lauderdale, FL, USA},
  series = {Proceedings of {Machine} {Learning} {Research}},
  title = {Performance {Bounds} for {Graphical} {Record} {Linkage}},
  volume = {54},
  booktitle = {Proceedings of the 20th {International} {Conference} on {Artificial} {Intelligence} and {Statistics}},
  publisher = {PMLR},
  author = {Steorts, Rebecca C. and Barnes, Mattew and Neiswanger, Willie},
  editor = {Singh, Aarti and Zhu, Jerry},
  month = apr,
  year = {2017},
  pages = {298--306}
}

@article{getoor_entity_2012,
  title = {Entity {Resolution}: {Theory}, {Practice} \& {Open} {Challenges}},
  volume = {5},
  issn = {2150-8097},
  doi = {10.14778/2367502.2367564},
  number = {12},
  journal = {Proc. VLDB Endow.},
  author = {Getoor, Lise and Machanavajjhala, Ashwin},
  month = aug,
  year = {2012},
  pages = {2018--2019}
}

@article{fan_reasoning_2009,
  title = {Reasoning {About} {Record} {Matching} {Rules}},
  volume = {2},
  issn = {2150-8097},
  doi = {10.14778/1687627.1687674},
  number = {1},
  journal = {Proc. VLDB Endow.},
  author = {Fan, Wenfei and Jia, Xibei and Li, Jianzhong and Ma, Shuai},
  month = aug,
  year = {2009},
  pages = {407--418}
}

@inproceedings{singh_generating_2017,
  address = {New York, NY, USA},
  series = {{SIGMOD} '17},
  title = {Generating {Concise} {Entity} {Matching} {Rules}},
  isbn = {978-1-4503-4197-4},
  doi = {10.1145/3035918.3058739},
  booktitle = {Proceedings of the 2017 {ACM} {International} {Conference} on {Management} of {Data}},
  publisher = {ACM},
  author = {Singh, Rohit and Meduri, Vamsi and Elmagarmid, Ahmed and Madden, Samuel and Papotti, Paolo and Quian{\'e}-Ruiz, Jorge-Arnulfo and Solar-Lezama, Armando and Tang, Nan},
  year = {2017},
  pages = {1635--1638}
}

@inproceedings{mudgal_deep_2018,
  address = {New York, NY, USA},
  series = {{SIGMOD} '18},
  title = {Deep {Learning} for {Entity} {Matching}: {A} {Design} {Space} {Exploration}},
  isbn = {978-1-4503-4703-7},
  doi = {10.1145/3183713.3196926},
  booktitle = {Proceedings of the 2018 {International} {Conference} on {Management} of {Data}},
  publisher = {ACM},
  author = {Mudgal, Sidharth and Li, Han and Rekatsinas, Theodoros and Doan, AnHai and Park, Youngchoon and Krishnan, Ganesh and Deep, Rohit and Arcaute, Esteban and Raghavendra, Vijay},
  year = {2018},
  pages = {19--34}
}

@article{wang_crowder:_2012,
  title = {{CrowdER}: {Crowdsourcing} {Entity} {Resolution}},
  volume = {5},
  issn = {2150-8097},
  shorttitle = {{CrowdER}},
  doi = {10.14778/2350229.2350263},
  number = {11},
  journal = {Proc. VLDB Endow.},
  author = {Wang, Jiannan and Kraska, Tim and Franklin, Michael J. and Feng, Jianhua},
  month = jul,
  year = {2012},
  pages = {1483--1494}
}

@inproceedings{gokhale_corleone:_2014,
  address = {New York, NY, USA},
  series = {{SIGMOD} '14},
  title = {Corleone: {Hands}-off {Crowdsourcing} for {Entity} {Matching}},
  isbn = {978-1-4503-2376-5},
  doi = {10.1145/2588555.2588576},
  booktitle = {Proceedings of the 2014 {ACM} {SIGMOD} {International} {Conference} on {Management} of {Data}},
  publisher = {ACM},
  author = {Gokhale, Chaitanya and Das, Sanjib and Doan, AnHai and Naughton, Jeffrey F. and Rampalli, Narasimhan and Shavlik, Jude and Zhu, Xiaojin},
  year = {2014},
  pages = {601--612}
}

@article{papadakis_comparative_2016,
  title = {Comparative {Analysis} of {Approximate} {Blocking} {Techniques} for {Entity} {Resolution}},
  volume = {9},
  issn = {2150-8097},
  doi = {10.14778/2947618.2947624},
  number = {9},
  journal = {Proc. VLDB Endow.},
  author = {Papadakis, George and Svirsky, Jonathan and Gal, Avigdor and Palpanas, Themis},
  month = may,
  year = {2016},
  pages = {684--695}
}

@book{liu_monte_2004,
  address = {New York},
  series = {Springer {Series} in {Statistics}},
  title = {Monte {Carlo} {Strategies} in {Scientific} {Computing}},
  isbn = {978-0-387-76369-9},
  publisher = {Springer-Verlag},
  author = {Liu, Jun S.},
  year = {2004}
}

@article{jain_split-merge_2004,
  title = {A {Split}-{Merge} {Markov} chain {Monte} {Carlo} {Procedure} for the {Dirichlet} {Process} {Mixture} {Model}},
  volume = {13},
  issn = {1061-8600, 1537-2715},
  doi = {10.1198/1061860043001},
  number = {1},
  journal = {Journal of Computational and Graphical Statistics},
  author = {Jain, Sonia and Neal, Radford M.},
  month = mar,
  year = {2004},
  pages = {158--182}
}

@article{zanella_informed_2020,
  author = {Giacomo Zanella},
  title = {{Informed Proposals for Local MCMC in Discrete Spaces}},
  journal = {Journal of the American Statistical Association},
  volume = {115},
  number = {530},
  pages = {852--865},
  year  = {2020},
  publisher = {Taylor \& Francis},
  doi = {10.1080/01621459.2019.1585255}
}

@misc{mcveigh_practical_2017,
  title = {Practical {Bayesian} {Inference} for {Record} {Linkage}},
  author = {Brendan S. McVeigh and Jared S. Murray},
  year = {2017},
  eprint = {1710.10558},
  note = {{arXiv:1710.10558}},
  archivePrefix = {arXiv},
  primaryClass = {stat.ME}
}

@article{newman_distributed_2009,
  title = {Distributed algorithms for topic models},
  volume = {10},
  number = {Aug},
  journal = {Journal of Machine Learning Research},
  author = {Newman, David and Asuncion, Arthur and Smyth, Padhraic and Welling, Max},
  editor = {McCallum, Andrew},
  month = aug,
  year = {2009},
  pages = {1801--1828}
}

@article{smola_architecture_2010,
  title = {An {Architecture} for {Parallel} {Topic} {Models}},
  volume = {3},
  issn = {2150-8097},
  doi = {10.14778/1920841.1920931},
  number = {1-2},
  journal = {Proc. VLDB Endow.},
  author = {Smola, Alexander and Narayanamurthy, Shravan},
  month = sep,
  year = {2010},
  pages = {703--710}
}

@inproceedings{ahn_distributed_2014,
  address = {Beijing, China},
  series = {{ICML}'14},
  title = {Distributed {Stochastic} {Gradient} {MCMC}},
  booktitle = {Proceedings of the 31st {International} {Conference} on {International} {Conference} on {Machine} {Learning} - {Volume} 32},
  publisher = {JMLR.org},
  author = {Ahn, Sungjin and Shahbaba, Babak and Welling, Max},
  year = {2014},
  pages = {II--1044--II--1052}
}

@inproceedings{williamson_parallel_2013,
  address = {Atlanta, Georgia, USA},
  series = {Proceedings of {Machine} {Learning} {Research}},
  title = {Parallel {Markov} {Chain} {Monte} {Carlo} for {Nonparametric} {Mixture} {Models}},
  volume = {28},
  booktitle = {Proceedings of the 30th {International} {Conference} on {Machine} {Learning}},
  publisher = {PMLR},
  author = {Williamson, Sinead and Dubey, Avinava and Xing, Eric},
  editor = {Dasgupta, Sanjoy and McAllester, David},
  month = jun,
  year = {2013},
  pages = {98--106}
}

@inproceedings{chang_parallel_2013,
  address = {NY, USA},
  series = {{NIPS}'13},
  title = {Parallel {Sampling} of {DP} {Mixture} {Models} {Using} {Sub}-clusters {Splits}},
  volume = {1},
  booktitle = {Proceedings of the 26th {International} {Conference} on {Neural} {Information} {Processing} {Systems}},
  publisher = {Curran Associates Inc.},
  author = {Chang, Jason and Fisher, III, John W.},
  year = {2013},
  pages = {620--628}
}

@misc{lovell_clustercluster:_2013,
  title = {ClusterCluster: Parallel Markov Chain Monte Carlo for Dirichlet Process Mixtures},
  author = {Dan Lovell and Jonathan Malmaud and Ryan P. Adams and Vikash K. Mansinghka},
  year = {2013},
  eprint = {1304.2302},
  note = {{arXiv:1304.2302}},
  archivePrefix = {arXiv},
  primaryClass = {stat.ML}
}

@inproceedings{ge_distributed_2015,
  address = {Lille, France},
  series = {Proceedings of {Machine} {Learning} {Research}},
  title = {Distributed {Inference} for {Dirichlet} {Process} {Mixture} {Models}},
  volume = {37},
  booktitle = {Proceedings of the 32nd {International} {Conference} on {Machine} {Learning}},
  publisher = {PMLR},
  author = {Ge, Hong and Chen, Yutian and Wan, Moquan and Ghahramani, Zoubin},
  editor = {Bach, Francis and Blei, David},
  month = jul,
  year = {2015},
  pages = {2276--2284}
}

@book{little_statistical_2002,
  title = {Statistical {Analysis} with {Missing} {Data}},
  isbn = {978-0-471-18386-0},
  publisher = {Wiley},
  author = {Little, Roderick J. A. and Rubin, Donald B.},
  month = sep,
  year = {2002}
}

@article{copas_record_1990,
  title = {Record {Linkage}: {Statistical} {Models} for {Matching} {Computer} {Records}},
  volume = {153},
  issn = {0964-1998},
  shorttitle = {Record {Linkage}},
  doi = {10.2307/2982975},
  number = {3},
  journal = {Journal of the Royal Statistical Society. Series A (Statistics in Society)},
  author = {Copas, J. B. and Hilton, F. J.},
  year = {1990},
  pages = {287--320}
}

@article{yujian_normalized_2007,
  title = {A {Normalized} {Levenshtein} {Distance} {Metric}},
  volume = {29},
  issn = {0162-8828},
  doi = {10.1109/TPAMI.2007.1078},
  number = {6},
  journal = {IEEE Transactions on Pattern Analysis and Machine Intelligence},
  author = {Yujian, Li and Bo, Liu},
  month = jun,
  year = {2007},
  pages = {1091--1095}
}

@article{lesot_similarity_2008,
  title = {Similarity measures for binary and numerical data: a survey},
  volume = {1},
  issn = {1755-3210},
  shorttitle = {Similarity measures for binary and numerical data},
  doi = {10.1504/IJKESDP.2009.021985},
  number = {1},
  journal = {International Journal of Knowledge Engineering and Soft Data Paradigms},
  author = {Lesot, Marie-Jeanne and Rifqi, Maria and Benhadda, Hamid},
  month = dec,
  year = {2008},
  pages = {63--84}
}

@inproceedings{bilenko_adaptive_2003,
  address = {New York, NY, USA},
  series = {{KDD} '03},
  title = {Adaptive {Duplicate} {Detection} {Using} {Learnable} {String} {Similarity} {Measures}},
  isbn = {978-1-58113-737-8},
  doi = {10.1145/956750.956759},
  booktitle = {Proceedings of the {Ninth} {ACM} {SIGKDD} {International} {Conference} on {Knowledge} {Discovery} and {Data} {Mining}},
  publisher = {ACM},
  author = {Bilenko, Mikhail and Mooney, Raymond J.},
  year = {2003},
  pages = {39--48}
}

@article{bentley_multidimensional_1975,
  author = {Bentley, Jon Louis},
  title = {Multidimensional {Binary} {Search} {Trees} {Used} for {Associative} {Searching}},
  year = {1975},
  publisher = {Association for Computing Machinery},
  address = {New York, NY, USA},
  volume = {18},
  number = {9},
  issn = {0001-0782},
  doi = {10.1145/361002.361007},
  journal = {Commun. ACM},
  month = sep,
  pages = {509--517}
}

@article{friedman_algorithm_1977,
  title = {An {Algorithm} for {Finding} {Best} {Matches} in {Logarithmic} {Expected} {Time}},
  volume = {3},
  issn = {0098-3500},
  doi = {10.1145/355744.355745},
  number = {3},
  journal = {ACM Trans. Math. Softw.},
  author = {Friedman, Jerome H. and Bentley, Jon Louis and Finkel, Raphael Ari},
  month = sep,
  year = {1977},
  pages = {209--226}
}

@article{dyk_partially_2008,
  title = {Partially {Collapsed} {Gibbs} {Samplers}},
  volume = {103},
  issn = {0162-1459},
  doi = {10.1198/016214508000000409},
  number = {482},
  journal = {Journal of the American Statistical Association},
  author = {van Dyk, David A. and Park, Taeyoung},
  month = jun,
  year = {2008},
  pages = {790--796}
}

@techreport{winkler_methods_2002,
  title = {Methods for {Record Linkage} and {Bayesian Networks}},
  number = {Statistics \#2002-05},
  author = {Winkler, William E.},
  year = {2002},
  institution = {U.S. Bureau of the Census},
}

@article{vose_linear_1991,
  title = {A linear algorithm for generating random numbers with a given distribution},
  volume = {17},
  issn = {0098-5589},
  doi = {10.1109/32.92917},
  number = {9},
  journal = {IEEE Transactions on Software Engineering},
  author = {Vose, Michael D.},
  month = sep,
  year = {1991},
  pages = {972--975}
}

@article{turek_efficient_2016,
  title = {Efficient {Markov} chain {Monte} {Carlo} sampling for hierarchical hidden {Markov} models},
  volume = {23},
  issn = {1352-8505, 1573-3009},
  doi = {10.1007/s10651-016-0353-z},
  number = {4},
  journal = {Environmental and Ecological Statistics},
  author = {Turek, Daniel and Valpine, Perry de and Paciorek, Christopher J.},
  month = dec,
  year = {2016},
  pages = {549--564}
}

@manual{mcmcse,
  title = {mcmcse: Monte Carlo Standard Errors for MCMC},
  author = {James M. Flegal and John Hughes and Dootika Vats and Ning Dai},
  year = {2017},
  address = {Riverside, CA, Denver, CO, Coventry, UK, and Minneapolis, MN},
  note = {R package version 1.3-2},
}

@article{vats_multivariate_2019,
  title = {Multivariate output analysis for Markov chain Monte Carlo},
  volume = {106},
  ISSN = {1464-3510},
  DOI = {10.1093/biomet/asz002},
  number = {2},
  journal = {Biometrika},
  publisher = {Oxford University Press (OUP)},
  author = {Vats, Dootika and Flegal, James M and Jones, Galin L},
  year = {2019},
  month = apr,
  pages = {321--337}
}

@article{jasra_markov_2005,
  title = {Markov {Chain} {Monte} {Carlo} {Methods} and the {Label} {Switching} {Problem} in {Bayesian} {Mixture} {Modeling}},
  volume = {20},
  issn = {0883-4237, 2168-8745},
  doi = {10.1214/088342305000000016},
  number = {1},
  journal = {Statistical Science},
  author = {Jasra, Ajay and Holmes, Chris C. and Stephens, David A.},
  month = feb,
  year = {2005},
  pages = {50--67}
}

@article{sariyar_recordlinkage_2010,
  title = {The {RecordLinkage} {Package}: {Detecting} {Errors} in {Data}},
  volume = {2},
  issn = {2073-4859},
  number = {2},
  journal = {The R Journal},
  author = {Sariyar, Murat and Borg, Andreas},
  month = dec,
  year = {2010},
  pages = {61--67}
}

@article{vinh_information_2010,
  title = {Information theoretic measures for clusterings comparison: {Variants}, properties, normalization and correction for chance},
  volume = {11},
  shorttitle = {Information theoretic measures for clusterings comparison},
  number = {Oct},
  journal = {Journal of Machine Learning Research},
  author = {Vinh, Nguyen Xuan and Epps, Julien and Bailey, James},
  month = oct,
  year = {2010},
  pages = {2837--2854}
}

@techreport{census_report_2010,
  author = {Rastogi, Sonya and O'Hara, Amy and Noon, James and Zapata, Ellen A. and Espinoza, Cindy and Marshall, Leah B. and Schellhamer, Teresa A. and Brown, J. David},
  title  = {{2010 Census Match Study}},
  institution = {Center for Administrative Records Research and Applications, United States Census Bureau},
  year = {2012},
  month = nov,
  _url = {https://www.census.gov/content/dam/Census/library/publications/2012/dec/2010_cpex_247.pdf}
}

@misc{census_response,
  title = {{2010 Census Participation Rates}},
  author = {{United States Census Bureau}},
  howpublished = {https://www.census.gov/data/datasets/2010/dec/2010-participation-rates.html},
  year = {n.d.},
  note = {Accessed: 2020-05-25}
}

@techreport{christen_preparation_2014,
  title = {Preparation of a real temporal voter data set for record linkage and duplicate detection research},
  institution = {Australian National University},
  author = {Christen, Peter},
  year = {2014}
}

@misc{manton_nltcs_2010,
  title = {{National} {Long-Term} {Care} {Survey}: 1982, 1984, 1989, 1994, 1999 and 2004},
  author = {Manton, Kenneth G.},
  year = {2010},
  month = jun,
  doi = {10.3886/ICPSR09681.v5},
  publisher = {{Inter-University} {Consortium} for {Political} and {Social} {Research}},
  location = {Ann Arbor, MI}
}

@misc{bancaitalia_2010,
  title = {{Bank of Italy -- Survey on Household Income and Wealth}},
  author = {{Banca d'Italia}},
  howpublished = {http://www.bancaditalia.it/pubblicazioni/indagine-famiglie/index.html},
  year = {n.d.},
  note = {Accessed: 2018-03-09}
}


