@article{sadosky2015blocking,
  title={Blocking Methods Applied to Casualty Records from the Syrian Conflict},
  author={Sadosky, Peter and Shrivastava, Anshumali and Price, Megan and Steorts, Rebecca C},
  journal={arXiv preprint arXiv:1510.07714},
  year={2015}
}

@article{winkler2004string,
  title={Approximate String Comparator Search Strategies for Very Large Administrative Lists},
  author={Winkler, Wiliam {E.}},
  journal={Proceedings of the Section on Survey Research Methods, American Statistical Association},
  year={2004},
  url= {http://www.census.gov/srd/papers/pdf/rrs2005-02.pdf }
}


@inproceedings{liang2014noise,
  title={Noise-tolerant approximate blocking for dynamic real-time entity resolution},
  author={Liang, Huizhi and Wang, Yanzhe and Christen, Peter and Gayler, Ross},
  booktitle={Pacific-Asia Conference on Knowledge Discovery and Data Mining},
  pages={449--460},
  year={2014},
  organization={Springer}
}


@inproceedings{baxter2003comparison,
  title={A comparison of fast blocking methods for record linkage},
  author={Baxter, Rohan and Christen, Peter and Churches, Tim and others},
  booktitle={ACM SIGKDD},
  volume={3},
  pages={25--27},
  year={2003}
}

@article{deming1959problem,
  title={On the problem of matching lists by samples},
  author={Deming, W Edwards and Glasser, Gerald J},
  journal={Journal of the American Statistical Association},
  volume={54},
  number={286},
  pages={403--415},
  year={1959},
  publisher={Taylor \& Francis}
}


@Article{hrdag-2017,
  author =       {Christine Grillo},
  title =        {Judges in {H}abre {T}rial {C}ite {H}{R}{D}{A}{G} {A}nalysis},
  year =         2016,
  url = {https://hrdag.org/2016/09/08/judges-habre-cite-hrdag-analysis/}}
  
@inproceedings{zanella2016flexible,
  title={Flexible Models for Microclustering with Application to Entity Resolution},
  author={Zanella, Giacomo and Betancourt, Brenda and Miller, Jeffrey W and Wallach, Hanna and Zaidi, Abbas and Steorts, Rebecca},
  booktitle={Advances in Neural Information Processing Systems},
  pages={1417--1425},
  year={2016}
}

@Misc{price_2014,
  author =       {Price, Megan and Klingner, Jeff and Qtiesh, A. and Ball, Patrick},
  title =        {Preparation of a real temporal voter data set for record linkage and duplicate detection
research},
  journal = {Technical Report, Research School of Computer Science,
The Australian National University
Canberra ACT 0200},
  year = {2014}
}

@Misc{price13updated,
  OPTkey =       {},
  author =       {M. Price and J. Klingner and A. Qtiesh and P. Ball},
  title =        {Updated Statistical Analysis of Documentation of Killings in the {S}yrian {A}rab {R}epublic},  
  OPThowpublished = {},
  OPTmonth =     {},
  year =         {2013},
  note =         {United Nations Office of the UN High Commissioner for Human Rights}
}

@Book{christen12data,
  author =       {P. Christen},
  title =        {Data Matching: Concepts and Techniques for Record Linkage, Entity Resolution, and Duplicate Detection},
  publisher =    {Springer},
  year =         {2012}
  }

@Article{christen12survey,
  author =       {P. Christen},
  title =        {A Survey of Indexing Techniques for Scalable Record Linkage and Deduplication},
  journal =      {IEEE Transactions on Knowledge and Data Engineering},
  year =         {2012},
  OPTkey =       {},
  volume =       {24},
  number =       {9},
  OPTpages =     {},
  OPTmonth =     {},
  OPTnote =      {},
  OPTannote =    {}
}

@TechReport{winkler06overview,
  author =       {W.~E. Winkler},
  title =        {Overview of Record Linkage and Current Research Directions},
  institution =  {U.S. Bureau of the Census Statistical Research Division},
  year =         {2006}
}

@Article{steorts??bayesian,
  author =       {R.~C. Steorts and R. Hall and S.~E. Fienberg},
  title =        {A {B}ayesian Approach to Graphical record Linkage and De-duplication},
  journal =      {Journal of the American Statistical Society},
  year =         {2016}
}

@InProceedings{steorts14comparison,
  author =       {R.~C. Steorts and S.~L. Ventura and M. Sadinle and S.~E. Fienberg},
  title =        {A Comparison of Blocking Methods for Record Linkage},
  OPTcrossref =  {},
  OPTkey =       {},
  booktitle =    {International Conference on Privacy in Statistical Databases},
  year =         {2014},
  pages =        {253--268}
}

@Article{steorts15entity,
  author =       {R.~C. Steorts},
  title =        {Entity Resolution with Empirically Motivated Priors},
  journal =      {Bayesian Analysis},
  year =         {2015},
  volume =       {10},
  number =       {4},
  pages =        {849--875}
}

@Article{steorts14smered,
  author =       {R.~C. Steorts and R. Hall and S.~E. Fienberg},
  title =        {{SMERED}: A {B}ayesian Approach to Graphical Record Linkage and De-duplication},
  journal =      {Journal of Machine Learning Research},
  year =         {2014},
  volume =       {33},
  pages =        {922--930}
}

@article{chazelle2005approximating,
	title={Approximating the minimum spanning tree weight in sublinear time},
	author={Chazelle, Bernard and Rubinfeld, Ronitt and Trevisan, Luca},
	journal={SIAM Journal on computing},
	volume={34},
	number={6},
	pages={1370--1379},
	year={2005},
	publisher={SIAM}
}

@article{1978paper,
	abstract = {The number of connected components in an unknown parent graph is to be estimated by using a sampled subgraph. This problem is first discussed for two kinds of parent graph: a transitive graph and a forest. Some approaches pertaining to a general parent graph are then illustrated by simple computer experiments.},
	author = {Ove Frank},
	journal = {Scandinavian Journal of Statistics},
	number = {4},
	pages = {177-188},
	publisher = {[Board of the Foundation of the Scandinavian Journal of Statistics, Wiley]},
	title = {Estimation of the Number of Connected Components in a Graph by Using a Sampled Subgraph},
	volume = {5},
	year = {1978}
}

@inproceedings{shrivastava2014defense,
  title={In Defense of Minhash over Simhash},
  author={Shrivastava, Anshumali and Li, Ping},
  booktitle={Proceedings of the Seventeenth International Conference on Artificial Intelligence and Statistics},
  pages={886--894},
  year={2014}
}

@inproceedings{shrivastava2014densifying,
  title={Densifying one permutation hashing via rotation for fast near neighbor search},
  author={Shrivastava, Anshumali and Li, Ping},
  booktitle={Proceedings of The 31st International Conference on Machine Learning},
  pages={557--565},
  year={2014}
}

@inproceedings{shrivastava2014improved,
  title={Improved Densification of One Permutation Hashing},
  author={Shrivastava, Anshumali and Li, Ping},
  booktitle={Proceedings of The 30th Conference on Uncertainty in Artificial Intelligence},
  year={2014}
 }

@article{price2014updated,
  title={Updated statistical analysis of documentation of killings in the {S}yrian {A}rab {R}epublic},
  author={Price, Megan and Klingner, Jeff and Qtiesh, Anas and Ball, Patrick},
  journal={United Nations Office of the UN High Commissioner for Human Rights},
  year={2014}
}

@article{price_2013,
  title={Updated statistical analysis of documentation of killings in the Syrian Arab Republic},
  author={Price, Megan and Klingner, Jeff and Qtiesh, Anas and Ball, Patrick},
  journal={United Nations Office of the UN High Commissioner for Human Rights},
  year={2013}
}

@inproceedings{broder_1997,
  title={On the resemblance and containment of documents},
  author={Broder, Andrei Z},
  booktitle={Compression and Complexity of Sequences 1997. Proceedings},
  pages={21--29},
  year={1997},
  organization={IEEE}
}

@inproceedings{gionis_1999,
  title={Similarity search in high dimensions via hashing},
  author={Gionis, Aristides and Indyk, Piotr and Motwani, Rajeev and others},
  booktitle ={Very Large Data Bases (VLDB) },
  volume={99},
  pages={518--529},
  year={1999}
}

@article{gutman_2013,
  title={A Bayesian procedure for file linking to analyze end-of-life medical costs},
  author={Gutman, Roee and Afendulis, Christopher C and Zaslavsky, Alan M},
  journal={Journal of the American Statistical Association},
  volume={108},
  number={501},
  pages={34--47},
  year={2013},
  publisher={Taylor \& Francis}
}
	
@inproceedings{getoor_2006,
  title={A Latent Dirichlet Model for Unsupervised Entity Resolution.},
  author={Bhattacharya, Indrajit and Getoor, Lise},
  booktitle={SDM},
  volume={5},
  pages={59},
  year={2006},
  organization={SIAM}
}	

@incollection{dai_2011,
  title={The grouped author-topic model for unsupervised entity resolution},
  author={Dai, Andrew M and Storkey, Amos J},
  booktitle={Artificial Neural Networks and Machine Learning--ICANN 2011},
  pages={241--249},
  year={2011},
  publisher={Springer}
}

@ARTICLE{LumPriceBanks13,
  AUTHOR =       {Kristian Lum and Megan Emily Price and David Banks},
  TITLE =        {{Applications of Multiple Systems Estimation in Human Rights Research}},
  JOURNAL =      {The American Statistician},
  YEAR =         {2013},
  NUMBER = 	 {4},
  VOLUME =	 {67},
  PAGES =	 {191--200},
  MONTH =	 {Nov},
  }
  

@INCOLLECTION{Ball00ElSalvador,
  AUTHOR =       {Patrick Ball},
  BOOKTITLE =        {{Making the Case: Investigating Large Scale Human Rights Violations Using Information Systems and Data Analysis}},
  TITLE = {{The Salvadoran Human Rights Commission: Data Processing, Data Representation, and Generating Analytical Reports}},
  PUBLISHER =    {AAAS},
  YEAR =         {2000},
  EDITOR =      { Patrick Ball and Herbert F. Spirer and Louise Spirer}
}

@article{liseo_2011,
	Author = {Tancredi, A. and Liseo, B.},
	Date-Modified = {2013-05-31 02:33:55 +0000},
	Journal = {Annals of Applied Statistics},
	Number = {2B},
	Pages = {1553--1585},
	Title = {A hierarchical {B}ayesian approach to record linkage and population size problems},
	Volume = {5},
	Year = {2011}}
	
@article{liseo2013some,
  title={Some advances on Bayesian record linkage and inference for linked data},
  author={Liseo, Brunero and Tancredi, Andrea},
  journal={URL http://www. ine. es/e/essnetdi\_ws2011/ppts/Liseo\_Tancredi. pdf},
  year={2013}
}	

@article{fellegi_1969,
	Author = {Fellegi, I. and Sunter, A.},
	Date-Modified = {2013-05-31 02:28:43 +0000},
	Journal = {Journal of the American Statistical Association},
	Number = {328},
	Pages = {1183--1210},
	Title = {A Theory for Record Linkage},
	Volume = {64},
	Year = {1969}}
	
@article{christen_2014,
  title={An evaluation framework for privacy-preserving record linkage},
  author={Vatsalan, Dinusha and Christen, Peter and O'Keefe, Christine M and Verykios, Vassilios S},
  journal={Journal of Privacy and Confidentiality},
  volume={6},
  number={1},
  pages={3},
  year={2014}
}	

@book{rajaraman_2012,
  title={Mining of massive datasets},
  author={Rajaraman, Anand and Ullman, Jeffrey David},
  year={2012},
  publisher={Cambridge University Press}
}

@article{steorts_2015_eb,
  title={Entity Resolution with Empirically Motivated Priors},
  author={Steorts, Rebecca C.},
  journal={Bayesian Analysis},
  volume={10},
  number={4},
  pages={849--875},
  year={2015},
  publisher={International Society for Bayesian Analysis}
}

@inproceedings{zanella2016microclustering,
  title={Flexible Models for Microclustering with Application to Entity Resolution},
  author={Zanella, Giacomo and Betancourt, Brenda and Miller, Jeffrey W and Wallach, Hanna and Zaidi, Abbas and Steorts, Beka},
  booktitle={Advances in Neural Information Processing Systems},
  pages={1417--1425},
  year={2016}
}

@MISC{christen14voter,
    author = {Peter Christen},
    title = {Preparation of a real voter data set for record linkage and duplicate detection research},
    journal = {Technical Report},
    year = {2014}
}

@article{doi:10.1137/0212053,
	author = {J. Scott Provan and Michael O. Ball},
	title = {The Complexity of Counting Cuts and of Computing the Probability that a Graph is Connected},
	journal = {SIAM Journal on Computing},
	volume = {12},
	number = {4},
	pages = {777-788},
	year = {1983}
}


@book{wiki:xxx,
title={Combinatorial topology},
author={Aleksandrov, Pavel S},
volume={1},
year={1956},
publisher={Courier Corporation}
}

@article{erdos1960evolution,
	author={Erdos, Paul and R{\'e}nyi, Alfr{\'e}d},
	title={On the evolution of random graphs},
	journal={Publ. Math. Inst. Hung. Acad. Sci},
	volume={5},
	number={1},
	pages={17--60},
	year={1960},
	publisher={Citeseer}
}



@inproceedings{indyk1998approximate,
	title={Approximate nearest neighbors: towards removing the curse of dimensionality},
	author={Indyk, Piotr and Motwani, Rajeev},
	booktitle={Proceedings of the thirtieth annual ACM symposium on Theory of computing},
	pages={604--613},
	year={1998},
	organization={ACM}
}

@inproceedings{gionis1999similarity,
	title={Similarity search in high dimensions via hashing},
	author={Gionis, Aristides and Indyk, Piotr and Motwani, Rajeev},
	booktitle={VLDB},
	volume={99},
	number={6},
	pages={518--529},
	year={1999}
}

@article{sadinle_2014,
  title={Detecting duplicates in a homicide registry using a Bayesian partitioning approach},
  author={Sadinle, Mauricio and others},
  journal={The Annals of Applied Statistics},
  volume={8},
  number={4},
  pages={2404--2434},
  year={2014},
  publisher={Institute of Mathematical Statistics}
}

@inproceedings{winkler_2006,
  title={Overview of record linkage and current research directions},
  author={Winkler, William E},
  booktitle={Bureau of the Census},
  year={2006},
  organization={Citeseer}
}

@article{pauleve_2010,
  title={Locality sensitive hashing: A comparison of hash function types and querying mechanisms},
  author={Paulev{\'e}, Lo{\"\i}c and J{\'e}gou, Herv{\'e} and Amsaleg, Laurent},
  journal={Pattern Recognition Letters},
  volume={31},
  number={11},
  pages={1348--1358},
  year={2010},
  publisher={Elsevier}
}

@inproceedings{mccallum_2000,
  title={Efficient clustering of high-dimensional data sets with application to reference matching},
  author={McCallum, Andrew and Nigam, Kamal and Ungar, Lyle H},
  booktitle={Proceedings of the sixth ACM SIGKDD international conference on Knowledge discovery and data mining},
  pages={169--178},
  year={2000},
  organization={ACM}
}

@article{christen_2012,
title={A survey of indexing techniques for scalable record linkage and deduplication},
author={Christen, Peter},
journal={IEEE Transactions on Knowledge and Data Engineering},
volume={24},
number={9},
pages={1537--1555},
year={2012},
publisher={IEEE}
}

@INPROCEEDINGS{McCallumWellner04,
  AUTHOR =       {Andrew McCallum and Ben Wellner},
  TITLE =        {{Conditional Models of Identity Uncertainty with Application to Noun Coreference}},
  BOOKTITLE =    {Advances in Neural Information Processing Systems (NIPS '04)},
  YEAR =         {2004},
  ORGANIZATION = {MIT Press},
  PAGES =	 {905--912},
  MONTH =	 {},
}

@article{Sig2015,
  title={Documents of war: Understanding the Syrian conflict},
  author={Price, Megan and Gohdes, Anita and Ball, Patrick},
  journal={Significance},
  volume={12},
  number={2},
  pages={14--19},
  year={2015},
  publisher={Wiley Online Library}
}

@article{CJLS2015,
  title={The Limits of Observation for Understanding Mass Violence},
  author={Price, Megan and Ball, Patrick},
  journal={Canadian Journal of Law and Society/Revue Canadienne Droit et Soci{\'e}t{\'e}},
  volume={30},
  number={02},
  pages={237--257},
  year={2015},
  publisher={Cambridge University Press}
}

@article{IOAS2015,
  title={Selection bias and the statistical patterns of mortality in conflict},
  author={Price, Megan and Ball, Patrick},
  journal={Statistical Journal of the IAOS},
  volume={31},
  number={2},
  pages={263--272},
  year={2015},
  publisher={IOS Press}
}

@article{spring2017new,
  title={A New Unbiased and Efficient Class of LSH-Based Samplers and Estimators for Partition Function Computation in Log-Linear Models},
  author={Spring, Ryan and Shrivastava, Anshumali},
  journal={arXiv preprint arXiv:1703.05160},
  year={2017}
};

@inproceedings{spring2017scalable,
  title={Scalable and sustainable deep learning via randomized hashing},
  author={Spring, Ryan and Shrivastava, Anshumali},
  booktitle={Proceedings of the 23rd ACM SIGKDD International Conference on Knowledge Discovery and Data Mining},
  pages={445--454},
  year={2017},
  organization={ACM}
};

@article{luo2017Arrays,
  author    = {Chen Luo and
               Anshumali Shrivastava},
  title     = {Arrays of (locality-sensitive) Count Estimators {(ACE):} High-Speed
               Anomaly Detection via Cache Lookups},
  journal   = {CoRR},
  volume    = {abs/1706.06664},
  year      = {2017}
};

@inproceedings{Proc:AchlioptasM_STOC01,
  author    = {Dimitris Achlioptas and
               Frank McSherry},
  title     = {Fast computation of low rank matrix},
  booktitle = {STOC},
  address   = {Heraklion, Crete, Greece},
  year      = {2001},
  pages     = {611-618}
}

@inproceedings{Proc:Arora_STOC01,
  author    = {Sanjeev Arora and Ravi Kannan},
  title     = {Learning Mixtures of Arbituary Gaussians},
  booktitle = {STOC},
  address   = {Heraklion, Crete, Greece},
  year      = {2001},
  pages     = {247-257}
}


@inproceedings{Proc:Lee_NIPS97,
  author    = {Daniel D. Lee and
               H. Sebastian Seung},
  title     = {A Neural Network Based Head Tracking System},
  booktitle = {NIPS},
  year      = {1997}
}


@inproceedings{Proc:Broder,
  author        = "Andrei Z. Broder",
  title         = "On the Resemblance and Containment of Documents",
  booktitle     = "the Compression and Complexity of Sequences",
  address       = "Positano, Italy",
  year          = "1997",
  pages         = "21-29"
}

@inproceedings{shrivastava2016simple,
  title={Simple and efficient weighted minwise hashing},
  author={Shrivastava, Anshumali},
  booktitle={Advances in Neural Information Processing Systems},
  pages={1498--1506},
  year={2016}
}

@ARTICLE{2017arXiv170901190W,
	author = {{Wang}, Y. and {Shrivastava}, A. and {Ryu}, J.},
	title = "{FLASH: Randomized Algorithms Accelerated over CPU-GPU for Ultra-High Dimensional Similarity Search}",
	journal = {ArXiv e-prints},
	archivePrefix = "arXiv",
	eprint = {1709.01190},
	year = 2017,
	adsurl = {http://adsabs.harvard.edu/abs/2017arXiv170901190W}
}

@techreport{Report:E2LSH,
  author        = "Andoni, Alexandr and Indyk, Piotr",
 title         = "E2lsh: Exact Euclidean Locality Sensitive Hashing",
  year          = "2004"
}

@inproceedings{li2012gpu,
  title={Gpu-based minwise hashing: Gpu-based minwise hashing},
  author={Li, Ping and Shrivastava, Anshumali and Konig, Christian A},
  booktitle={Proceedings of the 21st International Conference on World Wide Web},
  pages={565--566},
  year={2012},
  organization={ACM}
}

@inproceedings{shrivastava2017optimal,
  title={Optimal Densification for Fast and Accurate Minwise Hashing},
  author={Shrivastava, Anshumali},
  booktitle={Proceedings of the Internation Conference on Machine Learning (ICML)},
  year={2017}
}


@inproceedings{Proc:Indyk_STOC98,
  author        = "Piotr Indyk and Rajeev Motwani",
  title         = "Approximate Nearest Neighbors: Towards Removing the Curse
               of Dimensionality",
  booktitle     = "STOC",
  address       = "Dallas, TX",
  year          = "1998",
  pages         = "604-613"
}
