@Article{hrdag-2017,
  author =       {Christine Grillo},
  title =        {Judges in {H}abre {T}rial {C}ite {H}{R}{D}{A}{G} {A}nalysis},
  year =         2016,
  url = {https://hrdag.org/2016/09/08/judges-habre-cite-hrdag-analysis/}}

@Article{neal03slice,
  author =       {R.~M. Neal},
  title =        {Slice Sampling},
  journal =      {Annals of Statistics},
  year =         2003,
  volume =       31,
  pages =        {705--767}}
  
@inproceedings{zanella2016flexible,
  title={Flexible Models for Microclustering with Application to Entity Resolution},
  author={Zanella, Giacomo and Betancourt, Brenda and Miller, Jeffrey W and Wallach, Hanna and Zaidi, Abbas and Steorts, Rebecca},
  booktitle={Advances in Neural Information Processing Systems},
  pages={1417--1425},
  year={2016}
}


@Article{kolchin71problem,
  author =       {V.~F. Kolchin},
  title =        {A Problem of the Allocation of Particles in Cells and Cycles of Random Permutations},
  journal =      {Theory of Probability \& Its Applications},
  year =         {1971},
  OPTkey =       {},
  volume =       {16},
  number =       {1},
  pages =        {74--90},
}

@Article{pitman06combinatorial,
  author =       {J. Pitman},
  title =        {Combinatorial Stochastic Processes},
  journal =      {{\'E}cole d'{\'E}t{\'e} de Probabilit{\'e}s de Saint-Flour XXXII---2002},
  year =         {2006}
}



@Misc{price_2014,
  author =       {Price, Megan and Klingner, Jeff and Qtiesh, A. and Ball, Patrick},
  title =        {Preparation of a real temporal voter data set for record linkage and duplicate detection
research},
  journal = {Technical Report, Research School of Computer Science,
The Australian National University
Canberra ACT 0200},
  year = {2014}
}





@Misc{price13updated,
  OPTkey =       {},
  author =       {M. Price and J. Klingner and A. Qtiesh and P. Ball},
  title =        {Updated Statistical Analysis of Documentation of Killings in the {S}yrian {A}rab {R}epublic},  
  OPThowpublished = {},
  OPTmonth =     {},
  year =         {2013},
  note =         {United Nations Office of the UN High Commissioner for Human Rights}
}

@Book{christen12data,
  author =       {P. Christen},
  title =        {Data Matching: Concepts and Techniques for Record Linkage, Entity Resolution, and Duplicate Detection},
  publisher =    {Springer},
  year =         {2012}
  }

@Article{christen12survey,
  author =       {P. Christen},
  title =        {A Survey of Indexing Techniques for Scalable Record Linkage and Deduplication},
  journal =      {IEEE Transactions on Knowledge and Data Engineering},
  year =         {2012},
  OPTkey =       {},
  volume =       {24},
  number =       {9},
  OPTpages =     {},
  OPTmonth =     {},
  OPTnote =      {},
  OPTannote =    {}
}

@TechReport{winkler06overview,
  author =       {W.~E. Winkler},
  title =        {Overview of Record Linkage and Current Research Directions},
  institution =  {U.S. Bureau of the Census Statistical Research Division},
  year =         {2006}
}

@Article{steorts??bayesian,
  author =       {R.~C. Steorts and R. Hall and S.~E. Fienberg},
  title =        {A {B}ayesian Approach to Graphical record Linkage and De-duplication},
  journal =      {Journal of the American Statistical Society},
  year =         {2016}
}

@InProceedings{steorts14comparison,
  author =       {R.~C. Steorts and S.~L. Ventura and M. Sadinle and S.~E. Fienberg},
  title =        {A Comparison of Blocking Methods for Record Linkage},
  OPTcrossref =  {},
  OPTkey =       {},
  booktitle =    {International Conference on Privacy in Statistical Databases},
  year =         {2014},
  pages =        {253--268}
}

@Article{steorts15entity,
  author =       {R.~C. Steorts},
  title =        {Entity Resolution with Empirically Motivated Priors},
  journal =      {Bayesian Analysis},
  year =         {2015}
  volume =       {10},
  number =       {4},
  pages =        {849--875}
}

@Article{steorts14smered,
  author =       {R.~C. Steorts and R. Hall and S.~E. Fienberg},
  title =        {{SMERED}: A {B}ayesian Approach to Graphical Record Linkage and De-duplication},
  journal =      {Journal of Machine Learning Research},
  year =         {2014},
  volume =       {33},
  pages =        {922--930}
}

@Article{richardson97bayesian,
  author =       {S. Richardson and P.~J. Green},
  title =        {On {B}ayesian Analysis of Mixtures with an Unknown Number of Components},
  journal =      {Journal of the Royal Statistical Society Series B},
  year =         {1997},
  pages =        {731--792}
}

@Unpublished{miller15mixture,
  author =       {J.~W. Miller and M.~T. Harrison},
  title =        {Mixture Models with a Prior on the Number of Components},
  note =         {arXiv:1502.06241},
  year =         {2015}
}

@Article{sethuraman94constructive,
  author =       {J. Sethuraman},
  title =        {A Constructive Definition of {D}irichlet Priors},
  journal =      {Statistica Sinica},
  year =         {1994},
  OPTkey =       {},
  volume =       {4},
  OPTnumber =    {},
  pages =        {639--650},
  OPTmonth =     {},
  OPTnote =      {},
  OPTannote =    {}
}

@Article{ishwaran03generalized,
  author =       {H. Ishwaran and L.~F. James},
  title =        {Generalized Weighted {C}hinese Restaurant Processes for Species Sampling Mixture Models},
  journal =      {Statistica Sinica},
  year =         {2003},
  OPTkey =       {},
  volume =       {13},
  number =       {4},
  pages =        {1211--1236},
  OPTmonth =     {},
  OPTnote =      {},
  OPTannote =    {}
}

@Article{kingman78representation,
  author =       {J.~F.~.C Kingman},
  title =        {The Representation of Partition Structures},
  journal =      {Journal of the London Mathematical Society},
  year =         {1978},
  OPTkey =       {},
  volume =       {2},
  number =       {2},
  pages =        {374--380},
  OPTmonth =     {},
  OPTnote =      {},
  OPTannote =    {}
}

@Article{aldous85exchangeability,
  author =       {D. Aldous},
  title =        {Exchangeability and Related Topics},
  journal =      {{\'E}cole d'{\'E}t{\'e} de Probabilit{\'e}s de Saint-Flour XIII---1983},
  year =         {1985},
  OPTkey =       {},
  OPTvolume =    {},
  OPTnumber =    {},
  pages =        {1--198},
  OPTmonth =     {},
  OPTnote =      {},
  OPTannote =    {}
}

@InProceedings{wallach10alternative,
  author =       {H.~M. Wallach and S. Jensen and L. Dicker and K.~A. Heller},
  title =        {An alternative prior process for nonparametric {B}ayesian clustering},
  OPTcrossref =  {},
  OPTkey =       {},
  booktitle =    {Proceedings of the 13$^{\textrm{th}}$ International Conference on Artificial Intelligence and Statistics},
  year =         {2010},
  OPTeditor =    {},
  OPTvolume =    {},
  OPTnumber =    {},
  OPTseries =    {},
  OPTpages =     {},
  OPTmonth =     {},
  OPTaddress =   {},
  OPTorganization = {},
  OPTpublisher = {},
  OPTnote =      {},
  OPTannote =    {}
}

@Article{jain04split--merge,
  author =       {S. Jain and R. Neal},
  title =        {A Split--Merge {M}arkov Chain {M}onte {C}arlo Procedure for the {D}irichlet Process Mixture Model},
  journal =      {Journal of Computational and Graphical Statistics},
  year =         {2004},
  OPTkey =       {},
  volume =       {13},
  OPTnumber =    {},
  pages =        {158--182},
  OPTmonth =     {},
  OPTnote =      {},
  OPTannote =    {}
}

@Article{tierney94markov,
  author =       {L. Tierney},
  title =        {Markov Chains for Exploring Posterior Distributions},
  journal =      {The Annals of Statistics},
  year =         {1994},
  OPTkey =       {},
  OPTvolume =    {},
  OPTnumber =    {},
  pages =        {1701--1728},
  OPTmonth =     {},
  OPTnote =      {},
  OPTannote =    {}
}

@InProceedings{broderick14variational,
  author =       {T. Broderick and R.~C. Steorts},
  title =        {Variational Bayes for Merging Noisy Databases},
  OPTcrossref =  {},
  OPTkey =       {},
  booktitle =    {NIPS 2014 Workshop on Advances in Variational Inference},
  year =         {2014},
  OPTeditor =    {},
  OPTvolume =    {},
  OPTnumber =    {},
  OPTseries =    {},
  OPTpages =     {},
  OPTmonth =     {},
  OPTaddress =   {},
  OPTorganization = {},
  OPTpublisher = {},
  note =         {arXiv:1410.4792},
  OPTannote =    {}
}
@article{chazelle2005approximating,
	title={Approximating the minimum spanning tree weight in sublinear time},
	author={Chazelle, Bernard and Rubinfeld, Ronitt and Trevisan, Luca},
	journal={SIAM Journal on computing},
	volume={34},
	number={6},
	pages={1370--1379},
	year={2005},
	publisher={SIAM}
}

@article{1978paper,
	abstract = {The number of connected components in an unknown parent graph is to be estimated by using a sampled subgraph. This problem is first discussed for two kinds of parent graph: a transitive graph and a forest. Some approaches pertaining to a general parent graph are then illustrated by simple computer experiments.},
	author = {Ove Frank},
	journal = {Scandinavian Journal of Statistics},
	number = {4},
	pages = {177-188},
	publisher = {[Board of the Foundation of the Scandinavian Journal of Statistics, Wiley]},
	title = {Estimation of the Number of Connected Components in a Graph by Using a Sampled Subgraph},
	volume = {5},
	year = {1978}
}

@article{seber1982estimation,
	title={The estimation of animal abundance},
	author={Seber, George Arthur Frederick},
	year={1982},
	publisher={Griffin London}
}

@inproceedings{shrivastava2014defense,
  title={In Defense of Minhash over Simhash},
  author={Shrivastava, Anshumali and Li, Ping},
  booktitle={Proceedings of the Seventeenth International Conference on Artificial Intelligence and Statistics},
  pages={886--894},
  year={2014}
}

@inproceedings{shrivastava2014densifying,
  title={Densifying one permutation hashing via rotation for fast near neighbor search},
  author={Shrivastava, Anshumali and Li, Ping},
  booktitle={Proceedings of The 31st International Conference on Machine Learning},
  pages={557--565},
  year={2014}
}

@inproceedings{shrivastava2014improved,
  title={Improved Densification of One Permutation Hashing},
  author={Shrivastava, Anshumali and Li, Ping},
  booktitle={Proceedings of The 30th Conference on Uncertainty in Artificial Intelligence},
  year={2014}
 }

@article{price2014updated,
  title={Updated statistical analysis of documentation of killings in the {S}yrian {A}rab {R}epublic},
  author={Price, Megan and Klingner, Jeff and Qtiesh, Anas and Ball, Patrick},
  journal={United Nations Office of the UN High Commissioner for Human Rights},
  year={2014}
}

@article{price_2013,
  title={Updated statistical analysis of documentation of killings in the Syrian Arab Republic},
  author={Price, Megan and Klingner, Jeff and Qtiesh, Anas and Ball, Patrick},
  journal={United Nations Office of the UN High Commissioner for Human Rights},
  year={2013}
}

@inproceedings{broder_1997,
  title={On the resemblance and containment of documents},
  author={Broder, Andrei Z},
  booktitle={Compression and Complexity of Sequences 1997. Proceedings},
  pages={21--29},
  year={1997},
  organization={IEEE}
}

@inproceedings{gionis_1999,
  title={Similarity search in high dimensions via hashing},
  author={Gionis, Aristides and Indyk, Piotr and Motwani, Rajeev and others},
  booktitle={{Very Large Data Bases (VLDB)},
  volume={99},
  pages={518--529},
  year={1999}
}



@article{gutman_2013,
  title={A Bayesian procedure for file linking to analyze end-of-life medical costs},
  author={Gutman, Roee and Afendulis, Christopher C and Zaslavsky, Alan M},
  journal={Journal of the American Statistical Association},
  volume={108},
  number={501},
  pages={34--47},
  year={2013},
  publisher={Taylor \& Francis}
}
	
@inproceedings{getoor_2006,
  title={A Latent Dirichlet Model for Unsupervised Entity Resolution.},
  author={Bhattacharya, Indrajit and Getoor, Lise},
  booktitle={SDM},
  volume={5},
  pages={59},
  year={2006},
  organization={SIAM}
}	

@incollection{dai_2011,
  title={The grouped author-topic model for unsupervised entity resolution},
  author={Dai, Andrew M and Storkey, Amos J},
  booktitle={Artificial Neural Networks and Machine Learning--ICANN 2011},
  pages={241--249},
  year={2011},
  publisher={Springer}
}

@ARTICLE{LumPriceBanks13,
  AUTHOR =       {Kristian Lum and Megan Emily Price and David Banks},
  TITLE =        {{Applications of Multiple Systems Estimation in Human Rights Research}},
  JOURNAL =      {The American Statistician},
  YEAR =         {2013},
  NUMBER = 	 {4},
  VOLUME =	 {67},
  PAGES =	 {191--200},
  MONTH =	 {Nov},
  }
  

@INCOLLECTION{Ball00ElSalvador,
  AUTHOR =       {Patrick Ball},
  BOOKTITLE =        {{Making the Case: Investigating Large Scale Human Rights Violations Using Information Systems and Data Analysis}},
  TITLE = {{The Salvadoran Human Rights Commission: Data Processing, Data Representation, and Generating Analytical Reports}},
  PUBLISHER =    {AAAS},
  YEAR =         {2000},
  EDITOR =      { Patrick Ball and Herbert F. Spirer and Louise Spirer}
}

@ARTICLE{SariyarBorg10,
  AUTHOR =       {Murat Sariyar and Andreas Borg},
  TITLE =        {{The RecordLinkage Package: Detecting Errors in Data}},
  JOURNAL =      {The R Journal},
  YEAR =         {2010},
  NUMBER = 	 {2},
  VOLUME =	 {2},
  PAGES =	 {61--67},
  MONTH =	 {December},
}

@INPROCEEDINGS{McCallumWellner04,
  AUTHOR =       {Andrew McCallum and Ben Wellner},
  TITLE =        {{Conditional Models of Identity Uncertainty with Application to Noun Coreference}},
  BOOKTITLE =    {Advances in Neural Information Processing Systems (NIPS '04)},
  YEAR =         {2004},
  ORGANIZATION = {MIT Press},
  PAGES =	 {905--912},
  MONTH =	 {},
}

@inproceedings{BilenkoMooney03,
 author = {Bilenko, Mikhail and Mooney, Raymond J.},
 title = {{Adaptive Duplicate Detection Using Learnable String Similarity Measures}},
  booktitle = {KDD '03}, 
  year = {2003},
 pages = {39--48},
 organization = {ACM}
}@booktitle = {Proc. of the Ninth ACM SIGKDD International Conference on Knowledge Discovery and Data Mining (KDD '03)},
@inproceedings{Halletal08,
 author = {Hall, Rob and Sutton, Charles and McCallum, Andrew},
 title = {{Unsupervised Deduplication Using Cross-field Dependencies}},
 booktitle = {Proc. of the 14th ACM SIGKDD International Conference on Knowledge Discovery and Data Mining (KDD '08)},
 year = {2008},
 pages = {310--317},
 organization = {ACM}
} 

@inproceedings{Hsuetal00,
 author = {Hsu, Wynne and Lee, Mong Li and Liu, Bing and Ling, Tok Wang},
 title = {{Exploration Mining in Diabetic Patients Databases: Findings and Conclusions}},
 booktitle = {KDD '00},
 year = {2000},
 pages = {430--436},
 organization = {ACM}
}@ booktitle = {Proc. of the Sixth ACM SIGKDD International Conference on Knowledge Discovery and Data Mining (KDD '00)}, 
@article{vonElmetal04,
author = {Erik {von Elm} and Greta Poglia and Bernhard Walder and Martin R. Tram\`er},
title = {{Different Patterns of Duplicate Publication: An Analysis of Articles Used in Systematic Reviews}},
journal = {Journal of the American Medical Association},
volume = {291},
number = {8},
pages = {974--980},
year = {2004},
}

@ARTICLE{Sariyaretal12,
  AUTHOR =       {M. Sariyar and A. Borg and K. Pommerening},
  TITLE =        {{Active Learning Strategies for the Deduplication of Electronic Patient Data Using Classification Trees}},
  JOURNAL =      {Journal of Biomedical Informatics},
  YEAR =         {2012},
  NUMBER = 	 {5},
  VOLUME =	 {45},
  PAGES =	 {893--900},
  MONTH =	 {October},
}

@ARTICLE{Milleretal00,
  AUTHOR =       {Perry L. Miller and Sandra J. Frawley and Frederick G. Sayward},
  TITLE =        {{IMM/Scrub: A Domain-Specific Tool for the Deduplication of Vaccination History Records in Childhood Immunization Registries}},
  JOURNAL =      {Computers and Biomedical Research},
  YEAR =         {2000},
  NUMBER = 	 {2},
  VOLUME =	 {33},
  PAGES =	 {126--143},
  MONTH =	 {},
}

@article {Murphyetal07,
author = {Murphy, Joe and Brackbill, Robert M. and Thalji, Lisa and Dolan, Melissa and Pulliam, Paul and Walker, Deborah J.},
title = {{Measuring and Maximizing Coverage in the World Trade Center Health Registry}},
journal = {Statistics in Medicine},
volume = {26},
number = {8},
publisher = {John Wiley & Sons, Ltd.},
pages = {1688--1701},
keywords = {registry, World Trade Center, coverage, population estimation},
year = {2007},
}

@article{liseo_2011,
	Author = {Tancredi, A. and Liseo, B.},
	Date-Modified = {2013-05-31 02:33:55 +0000},
	Journal = {Annals of Applied Statistics},
	Number = {2B},
	Pages = {1553--1585},
	Title = {A hierarchical {B}ayesian approach to record linkage and population size problems},
	Volume = {5},
	Year = {2011}}
	
@article{liseo2013some,
  title={Some advances on Bayesian record linkage and inference for linked data},
  author={Liseo, Brunero and Tancredi, Andrea},
  journal={URL http://www. ine. es/e/essnetdi\_ws2011/ppts/Liseo\_Tancredi. pdf},
  year={2013}
}	

@article{fellegi_1969,
	Author = {Fellegi, I. and Sunter, A.},
	Date-Modified = {2013-05-31 02:28:43 +0000},
	Journal = {Journal of the American Statistical Association},
	Number = {328},
	Pages = {1183--1210},
	Title = {A Theory for Record Linkage},
	Volume = {64},
	Year = {1969}}
	
@article{christen_2014,
  title={An evaluation framework for privacy-preserving record linkage},
  author={Vatsalan, Dinusha and Christen, Peter and O'Keefe, Christine M and Verykios, Vassilios S},
  journal={Journal of Privacy and Confidentiality},
  volume={6},
  number={1},
  pages={3},
  year={2014}
}	

@book{rajaraman_2012,
  title={Mining of massive datasets},
  author={Rajaraman, Anand and Ullman, Jeffrey David},
  year={2012},
  publisher={Cambridge University Press}
}

@article{steorts_2015_eb,
  title={Entity Resolution with Empirically Motivated Priors},
  author={Steorts, Rebecca C.},
  journal={Bayesian Analysis},
  volume={10},
  number={4},
  pages={849--875},
  year={2015},
  publisher={International Society for Bayesian Analysis}
}

@inproceedings{zanella2016microclustering,
  title={Flexible Models for Microclustering with Application to Entity Resolution},
  author={Zanella, Giacomo and Betancourt, Brenda and Miller, Jeffrey W and Wallach, Hanna and Zaidi, Abbas and Steorts, Beka},
  booktitle={Advances in Neural Information Processing Systems},
  pages={1417--1425},
  year={2016}
}






@article{doi:10.1137/0212053,
	author = {J. Scott Provan and Michael O. Ball},
	title = {The Complexity of Counting Cuts and of Computing the Probability that a Graph is Connected},
	journal = {SIAM Journal on Computing},
	volume = {12},
	number = {4},
	pages = {777-788},
	year = {1983}
	
}


@book{wiki:xxx,
title={Combinatorial topology},
author={Aleksandrov, Pavel S},
volume={1},
year={1956},
publisher={Courier Corporation}
}

@article{erdos1960evolution,
	author={Erdos, Paul and R{\'e}nyi, Alfr{\'e}d},
	title={On the evolution of random graphs},
	journal={Publ. Math. Inst. Hung. Acad. Sci},
	volume={5},
	number={1},
	pages={17--60},
	year={1960},
	publisher={Citeseer}
}



@inproceedings{indyk1998approximate,
	title={Approximate nearest neighbors: towards removing the curse of dimensionality},
	author={Indyk, Piotr and Motwani, Rajeev},
	booktitle={Proceedings of the thirtieth annual ACM symposium on Theory of computing},
	pages={604--613},
	year={1998},
	organization={ACM}
}


@inproceedings{gionis1999similarity,
	title={Similarity search in high dimensions via hashing},
	author={Gionis, Aristides and Indyk, Piotr and Motwani, Rajeev and others},
	booktitle={VLDB},
	volume={99},
	number={6},
	pages={518--529},
	year={1999}
}

@MISC{christen14voter,
    author = {Peter Christen},
    title = {Preparation of a real voter data set for record linkage and duplicate detection research},
    journal = {Technical Report},
    year = {2014}
}

@article{sadinle_2014,
  title={Detecting duplicates in a homicide registry using a Bayesian partitioning approach},
  author={Sadinle, Mauricio and others},
  journal={The Annals of Applied Statistics},
  volume={8},
  number={4},
  pages={2404--2434},
  year={2014},
  publisher={Institute of Mathematical Statistics}
}

@article{christen_2012,
title={A survey of indexing techniques for scalable record linkage and deduplication},
author={Christen, Peter},
journal={IEEE Transactions on Knowledge and Data Engineering},
volume={24},
number={9},
pages={1537--1555},
year={2012},
publisher={IEEE}
}

@inproceedings{abdel_2011,
  title={AEDA: Arabic edit distance algorithm Towards a new approach for Arabic name matching},
  author={Abdel Ghafour, Hesham H and El-Bastawissy, Ali and Heggazy, Abdel Fattah A},
  booktitle={Computer Engineering \& Systems (ICCES), 2011 International Conference on},
  pages={307--311},
  year={2011},
  organization={IEEE}
}

@article{steorts_2014_aistats,
  title={{SMERED}: A {B}ayesian Approach to Graphical Record Linkage and De-duplication },
  author={Steorts, R. C. and Hall, Rob and Fienberg, S.E.},
  journal={JMLR W\&CP},
  volume = {33},
  pages = {922-930},
  year={2014},
  URL = {http://arxiv.org/abs/1403.0211},
}

 @inproceedings{ioffe2010improved,
  title={Improved consistent sampling, weighted minhash and l1 sketching},
  author={Ioffe, Sergey},
  booktitle={Data Mining (ICDM), 2010 IEEE 10th International Conference on},
  pages={246--255},
  organization={IEEE},
   year={2010},
}

@article{manasse2010consistent,
  title={Consistent weighted sampling},
  author={Manasse, Mark and McSherry, Frank and Talwar, Kunal},
  year = {2010}
}

@inproceedings{gollapudi2006exploiting,
  title={Exploiting asymmetry in hierarchical topic extraction},
  author={Gollapudi, Sreenivas and Panigrahy, Rina},
  booktitle={Proceedings of the 15th ACM international conference on Information and knowledge management},
  pages={475--482},
  organization={ACM},
    year={2006}
}

@inproceedings{charikar2002similarity,
  title={Similarity estimation techniques from rounding algorithms},
  author={Charikar, Moses S},
  booktitle={Proceedings of the thiry-fourth annual ACM symposium on Theory of computing},
  pages={380--388},
  organization={ACM},
   year={2002}
}

@article{smmcmc,
	Author = {Jain, S. and Neal, R.},
	Journal = {Journal of Computational and Graphical Statistics},
	Pages = {158--182},
	Title = {A Split-Merge Markov Chain Monte Carlo Procedure for the Dirichlet Process Mixture Model},
	Volume = {13},
	Year = {2004}}
	
@INPROCEEDINGS{michelson:aaai06,
 author = {Matthew Michelson and Craig~A. Knoblock},
 title = {Learning Blocking Schemes for Record Linkage},
 booktitle = {Proceedings of the 21st National Conference on Artificial Intelligence
	(AAAI)},
 year = {2006}
}

@inproceedings{winkler_2006,
  title={Overview of record linkage and current research directions},
  author={Winkler, William E},
  booktitle={Bureau of the Census},
  year={2006},
  organization={Citeseer}
}	
	
@inproceedings{steorts_2014_hash,
title={{A Comparison of Blocking
Methods for Record Linkage}},
author={Steorts, {R.C.} and Ventura, S. and Sadinle, M. and Fienberg, S.},
booktitle={Privacy in Statistical Databases},
  pages={253--268},
  year={2014},
  organization={Springer},
year={2014}
}

@article{pauleve_2010,
  title={Locality sensitive hashing: A comparison of hash function types and querying mechanisms},
  author={Paulev{\'e}, Lo{\"\i}c and J{\'e}gou, Herv{\'e} and Amsaleg, Laurent},
  journal={Pattern Recognition Letters},
  volume={31},
  number={11},
  pages={1348--1358},
  year={2010},
  publisher={Elsevier}
}

@inproceedings{mccallum_2000,
  title={Efficient clustering of high-dimensional data sets with application to reference matching},
  author={McCallum, Andrew and Nigam, Kamal and Ungar, Lyle H},
  booktitle={Proceedings of the sixth ACM SIGKDD international conference on Knowledge discovery and data mining},
  pages={169--178},
  year={2000},
  organization={ACM}
}
