@book{Bishop_2006,
	title={{Pattern recognition and machine learning}},
	author={Bishop, Christopher M},
	year={2006},
	publisher={Springer}
}

@article{Blei_2017,
  title={{Variational inference: A review for statisticians}},
  author={Blei, David M and Kucukelbir, Alp and McAuliffe, Jon D},
  journal={Journal of the American statistical Association},
  volume={112},
  number={518},
  pages={859--877},
  year={2017},
  publisher={Taylor \& Francis}
}
