@book{Bishop_2006,
	title={{Pattern recognition and machine learning}},
	author={Bishop, Christopher M},
	year={2006},
	publisher={Springer}
}

@article{buntine_bayesian_2010,
  title={A {Bayesian} {View} of the {Poisson}-{Dirichlet} {Process}},
  _url={http://arxiv.org/abs/1007.0296},
  language={en},
  journal={arXiv:1007.0296 [cs, math, stat]},
  author={Buntine, Wray and Hutter, Marcus},
  month = jul,
  year={2010}
}

@article{kundinger_2023,
  title={Efficient and Scalable Bipartite Matching with Fast Beta Linkage (fabl)},
  author={Kundinger, Brian and Reiter, Jerome and Steorts, Rebecca C.},
  year={2023}
}

@article{jordan1999introduction,
  title={An introduction to variational methods for graphical models},
  author={Jordan, Michael I and Ghahramani, Zoubin and Jaakkola, Tommi S and Saul, Lawrence K},
  journal={Machine learning},
  volume={37},
  pages={183--233},
  year={1999},
  publisher={Springer}
}

@article{wainwright2008graphical,
  title={Graphical models, exponential families, and variational inference},
  author={Wainwright, Martin J and Jordan, Michael I and others},
  journal={Foundations and Trends{\textregistered} in Machine Learning},
  volume={1},
  number={1--2},
  pages={1--305},
  year={2008},
  publisher={Now Publishers, Inc.}
}

@article{geweke_evaluating_1992,
  title={Evaluating the accuracy of sampling-based approaches to the calculations of posterior moments},
  author={Geweke, John},
  journal={Bayesian statistics},
  volume={4},
  pages={641--649},
  year={1992},
  publisher={Clarendon Press}
}

@article{neal_markov_2000,
  title={Markov {Chain} {Sampling} {Methods} for {Dirichlet} {Process} {Mixture} {Models}},
  volume={9},
  issn={1061-8600},
  doi={10.1080/10618600.2000.10474879},
  number={2},
  journal={Journal of Computational and Graphical Statistics},
  author={Neal, Radford M.},
  month = jun,
  year={2000},
  pages={249--265}
}

@article{tiao1973some,
  title={Some comments on “Bayes” estimators},
  author={Tiao, George C and Box, George EP},
  journal={The American Statistician},
  volume={27},
  number={1},
  pages={12--14},
  year={1973},
  publisher={Taylor \& Francis}
}

@article{syversveen1998noninformative,
  title={Noninformative bayesian priors. interpretation and problems with construction and applications},
  author={Syversveen, Anne Randi},
  journal={Preprint statistics},
  volume={3},
  number={3},
  pages={1--11},
  year={1998}
}

@article{irony1997non,
  title={Non-informative priors do not exist a dialogue with Jos{\'e} M. Bernardo},
  author={Irony, Telba Z and Singpurwalla, Nozer D},
  journal={Journal of Statistical Planning and Inference},
  volume={65},
  number={1},
  pages={159--177},
  year={1997},
  publisher={Elsevier}
}

@book{bernardo2009bayesian,
  title={Bayesian theory},
  author={Bernardo, Jos{\'e} M and Smith, Adrian FM},
  volume={405},
  year={2009},
  publisher={John Wiley \& Sons}
}

@Article{steorts14smered,
  author =       {Steorts, Rebecca C. and Hall, Rob and Fienberg, Stephen E.},
  title =        {{SMERED}: A {B}ayesian Approach to Graphical Record Linkage and De-duplication},
  journal =      {Journal of Machine Learning Research},
  year =         {2014},
  OPTkey =       {},
  volume =       {33},
  OPTnumber =    {},
  pages =        {922--930}
}

@ARTICLE{liseo_2011,
  AUTHOR =       {Andrea Tancredi and Brunero Liseo},
  TITLE =        {{A Hierarchical Bayesian Approach to Record Linkage and Size Population Problems}},
  JOURNAL =      {Annals of Applied Statistics},
  YEAR =         {2011},
  NUMBER = 	 {2B},
  VOLUME =	 {5},
  PAGES =	 {1553--1585},
}


@techreport{winkler_2002,
  title={Methods for record linkage and Bayesian networks},
  author={Winkler, William E},
  year={2002},
  institution={Technical report, Statistical Research Division, US Census Bureau, Washington, DC}
}


@article{Nigam2000,
    author = {Nigam, Kamal and McCallum, Andrew Kachites and Thrun, Sebastian and Mitchell, Tom},
    journal = {Machine Learning},
    title = {Text Classification From Labeled and Unlabeled Documents Using EM},
    year = {2000}
}

@article{pitman_two-parameter_1997,
  title={The two-parameter {Poisson}-{Dirichlet} distribution derived from a stable subordinator},
  volume={25},
  issn={0091-1798, 2168-894X},
  doi={10.1214/aop/1024404422},
  language={en},
  number={2},
  urldate={2019-08-25},
  journal={The Annals of Probability},
  author={Pitman, Jim and Yor, Marc},
  month = apr,
  year={1997},
  mrnumber={MR1434129},
  zmnumber={0880.60076},
  pages={855--900}
}

@article{perman_size-biased_1992,
  title={Size-biased sampling of {Poisson} point processes and excursions},
  volume={92},
  issn={1432-2064},
  doi={10.1007/BF01205234},
  language={en},
  number={1},
  urldate={2019-08-25},
  journal={Probability Theory and Related Fields},
  author={Perman, Mihael and Pitman, Jim and Yor, Marc},
  month = mar,
  year={1992},
  pages={21--39}
}

@article{dunson_nonparametric_2009,
  title={Nonparametric {Bayes} {Modeling} of {Multivariate} {Categorical} {Data}},
  volume={104},
  issn={0162-1459},
  _url={https://doi.org/10.1198/jasa.2009.tm08439},
  doi={10.1198/jasa.2009.tm08439},
  number={487},
  journal={Journal of the American Statistical Association},
  author={Dunson, David B. and Xing, Chuanhua},
  month = sep,
  year={2009},
  pages={1042--1051}
}

@techreport{jordan_gentle_2015,
  title={A {Gentle} {Introduction} to the {Dirichlet} {Process}, the {Beta} {Process} and {Bayesian} {Nonparametrics}},
  language={en},
  author={Jordan, Michael I and Teh, Yee Whye},
  pages={118},
  year={2015},
  _url={http://www.stats.ox.ac.uk/~teh/outbox/jordan-teh.pdf}
}

@article{sadinle_bayesian_2018,
  author={Sadinle, Mauricio},
  doi={10.1214/18-AOAS1178},
  fjournal={The Annals of Applied Statistics},
  journal={Ann. Appl. Stat.},
  month={jun},
  number={2},
  pages={1013--1038},
  publisher={The Institute of Mathematical Statistics},
  title={Bayesian propagation of record linkage uncertainty into population size estimation of human rights violations},
  _url={https://doi.org/10.1214/18-AOAS1178},
  volume={12},
  year={2018}
}

@article{sadinle_detecting_2014,
  author={Sadinle, Mauricio},
  doi={10.1214/14-AOAS779},
  fjournal={The Annals of Applied Statistics},
  journal={Ann. Appl. Stat.},
  month = dec,
  number={4},
  pages={2404--2434},
  publisher={The Institute of Mathematical Statistics},
  title={Detecting duplicates in a homicide registry using a Bayesian partitioning approach},
  _url={https://doi.org/10.1214/14-AOAS779},
  volume={8},
  year={2014}
}

@article{sadinle_generalized_2013,
  title={A {Generalized} {Fellegi}-{Sunter} {Framework} for {Multiple} {Record} {Linkage} {With} {Application} to {Homicide} {Record} {Systems}},
  volume={108},
  issn={0162-1459},
  doi={10.1080/01621459.2012.757231},
  language={en},
  number={502},
  urldate={2017-07-06},
  journal={Journal of the American Statistical Association},
  author={Sadinle, Mauricio and Fienberg, Stephen E.},
  month = jun,
  year={2013},
  keywords={EM algorithm, data matching, mixture model, Bell number, Census undercount, Data linkage, Multiple systems estimation, Partially ordered set},
  pages={385--397}
}

@article{jain_split-merge_2004,
  title={A {Split}-{Merge} {Markov} chain {Monte} {Carlo} {Procedure} for the {Dirichlet} {Process} {Mixture} {Model}},
  volume={13},
  issn={1061-8600, 1537-2715},
  doi={10.1198/1061860043001},
  language={en},
  number={1},
  urldate={2017-08-14},
  journal={Journal of Computational and Graphical Statistics},
  author={Jain, Sonia and Neal, Radford M.},
  month = mar,
  year={2004},
  pages={158--182}
}

@article{kaplan_posterior_2018,
  author={{Kaplan}, Andee and {Betancourt}, Brenda and {Steorts}, Rebecca C.},
  title={{Posterior} {Prototyping}: {Bridging} the {Gap} between {Bayesian} {Record Linkage} and {Regression}},
  journal={arXiv e-prints},
  keywords={Statistics - Methodology, Computer Science - Databases, Computer Science - Machine Learning},
  year={2018},
  month={oct},
  eid={arXiv:1810.01538},
  eprint={1810.01538},
  primaryClass={stat.ME},
  adsurl={https://ui.adsabs.harvard.edu/abs/2018arXiv181001538K}
}


@article{zhao_bayesian_2012,
  title={A {Bayesian} {Approach} to {Discovering} {Truth} from {Conflicting} {Sources} for {Data} {Integration}},
  volume={5},
  issn={2150-8097},
  doi={10.14778/2168651.2168656},
  number={6},
  journal={Proc. VLDB Endow.},
  author={Zhao, Bo and Rubinstein, Benjamin I. P. and Gemmell, Jim and Han, Jiawei},
  month = feb,
  year={2012},
  pages={550--561}
}

@article{steorts_smered_2014,
  author={Steorts, Rebecca C. and Hall, Rob and Fienberg, Stephen E.},
  title={{SMERED}: A {Bayesian} {Approach} to {Graphical} {Record} {Linkage} and {De-duplication}},
  author={Rebecca Steorts and Rob Hall and Stephen Fienberg},
  booktitle={Proceedings of the {Seventeenth} {International} {Conference} on {Artificial} {Intelligence} and {Statistics}},
  pages={922--930},
  year={2014},
  editor={Samuel Kaski and Jukka Corander},
  volume={33},
  series={Proceedings of Machine Learning Research},
  address={Reykjavik, Iceland},
  month = apr,
  publisher={PMLR}
}

@inbook{wick_entity_2009,
  author={Michael Wick and Aron Culotta and Khashayar Rohanimanesh and Andrew McCallum},
  title={An Entity Based Model for Coreference Resolution},
  booktitle={Proceedings of the 2009 SIAM International Conference on Data Mining},
  pages={365--376},
  year={2009},
  doi={10.1137/1.9781611972795.32},
  _url={https://epubs.siam.org/doi/abs/10.1137/1.9781611972795.32},
  eprint={https://epubs.siam.org/doi/pdf/10.1137/1.9781611972795.32}
}

@inproceedings{wick_unified_2008,
  author={Wick, Michael L. and Rohanimanesh, Khashayar and Schultz, Karl and McCallum, Andrew},
  title={A {Unified} {Approach} for {Schema Matching}, {Coreference} and {Canonicalization}},
  booktitle={Proceedings of the 14th ACM SIGKDD International Conference on Knowledge Discovery and Data Mining},
  series={KDD '08},
  year={2008},
  isbn={978-1-60558-193-4},
  location={Las Vegas, Nevada, USA},
  pages={722--730},
  numpages={9},
  _url={http://doi.acm.org/10.1145/1401890.1401977},
  doi={10.1145/1401890.1401977},
  acmid={1401977},
  publisher={ACM},
  address={New York, NY, USA},
  keywords={conditional random field, data integration, joint inference},
} 

@inproceedings{zanella_flexible_2016,
  address={NY, USA},
  series={{NIPS}'16},
  title={Flexible {Models} for {Microclustering} with {Application} to {Entity} {Resolution}},
  isbn={978-1-5108-3881-9},
  booktitle={Proceedings of the 30th {International} {Conference} on {Neural} {Information} {Processing} {Systems}},
  publisher={Curran Associates Inc.},
  author={Zanella, Giacomo and Betancourt, Brenda and Wallach, Hanna and Miller, Jeffrey and Zaidi, Abbas and Steorts, Rebecca C.},
  year={2016},
  pages={1425--1433}
}

@inproceedings{steorts_performance_2017,
  address={Fort Lauderdale, FL, USA},
  series={Proceedings of {Machine} {Learning} {Research}},
  title={Performance {Bounds} for {Graphical} {Record} {Linkage}},
  volume={54},
  booktitle={Proceedings of the 20th {International} {Conference} on {Artificial} {Intelligence} and {Statistics}},
  publisher={PMLR},
  author={Steorts, Rebecca C. and Barnes, Mattew and Neiswanger, Willie},
  editor={Singh, Aarti and Zhu, Jerry},
  month = apr,
  year={2017},
  pages={298--306}
}

@inproceedings{wallach_alternative_2010,
  address={Chia Laguna Resort, Sardinia, Italy},
  series={Proceedings of {Machine} {Learning} {Research}},
  title={An {Alternative} {Prior} {Process} for {Nonparametric} {Bayesian} {Clustering}},
  volume={9},
  booktitle={Proceedings of the {Thirteenth} {International} {Conference} on {Artificial} {Intelligence} and {Statistics}},
  publisher={PMLR},
  author={Wallach, Hanna and Jensen, Shane and Dicker, Lee and Heller, Katherine},
  editor={Teh, Yee Whye and Titterington, Mike},
  month = may,
  year={2010},
  pages={892--899}
}

@article{gnedin_exchangeable_2006,
  title={Exchangeable {Gibbs} partitions and {Stirling} triangles},
  volume={138},
  issn={1072-3374, 1573-8795},
  doi={10.1007/s10958-006-0335-z},
  language={en},
  number={3},
  journal={Journal of Mathematical Sciences},
  author={Gnedin, Alexander and Pitman, Jim},
  month = oct,
  year={2006},
  pages={5674--5685}
}

@article{dyk_partially_2008,
  title={Partially {Collapsed} {Gibbs} {Samplers}},
  volume={103},
  issn={0162-1459},
  doi={10.1198/016214508000000409},
  number={482},
  urldate={2018-06-07},
  journal={Journal of the American Statistical Association},
  author={van Dyk, David A. and Park, Taeyoung},
  month = jun,
  year={2008},
  keywords={Gibbs sampler, Blocking, Incompatible Gibbs sampler, Marginal data augmentation, Rate of convergence},
  pages={790--796}
}

@article{vose_linear_1991,
  title={A linear algorithm for generating random numbers with a given distribution},
  volume={17},
  issn={0098-5589},
  doi={10.1109/32.92917},
  number={9},
  journal={IEEE Transactions on Software Engineering},
  author={Vose, Michael D.},
  month = sep,
  year={1991},
  pages={972--975}
}

@article{steorts_entity_2015,
  title={Entity {Resolution} with {Empirically} {Motivated} {Priors}},
  volume={10},
  issn={1936-0975, 1931-6690},
  doi={10.1214/15-BA965SI},
  language={EN},
  number={4},
  journal={Bayesian Analysis},
  author={Steorts, Rebecca C.},
  month = dec,
  year={2015},
  mrnumber={MR3432242},
  zmnumber={1335.62023},
  pages={849--875}
}


@article{sadinle_bayesian_2017,
  title={Bayesian {Estimation} of {Bipartite} {Matchings} for {Record} {Linkage}},
  volume={112},
  issn={0162-1459},
  doi={10.1080/01621459.2016.1148612},
  number={518},
  urldate={2018-06-13},
  journal={Journal of the American Statistical Association},
  author={Sadinle, Mauricio},
  month = apr,
  year={2017},
  keywords={Assignment problem, Bayes estimate, Data matching, Fellegi–Sunter decision rule, Mixture model, Reject option},
  pages={600--612}
}



@article{gutman_bayesian_2013,
  title={A {Bayesian} {Procedure} for {File} {Linking} to {Analyze} {End}-of-{Life} {Medical} {Costs}},
  volume={108},
  issn={0162-1459},
  doi={10.1080/01621459.2012.726889},
  number={501},
  urldate={2018-06-13},
  journal={Journal of the American Statistical Association},
  author={Gutman, Roee and Afendulis, Christopher C. and Zaslavsky, Alan M.},
  month = mar,
  year={2013},
  pmid={23645944},
  keywords={Administrative data, Bayesian analysis, Missing data, Record linkage, Statistical matching},
  pages={34--47}
}
  
@article{fellegi_theory_1969,
  title={A {Theory} for {Record} {Linkage}},
  volume={64},
  issn={0162-1459},
  doi={10.1080/01621459.1969.10501049},
  number={328},
  urldate={2018-06-26},
  journal={Journal of the American Statistical Association},
  author={Fellegi, Ivan P. and Sunter, Alan B.},
  month = dec,
  year={1969},
  pages={1183--1210}
}

@article{newcombe_automatic_1959,
  title={Automatic {Linkage} of {Vital} {Records}: {Computers} can be used to extract "follow-up" statistics of families from files of routine records},
  volume={130},
  issn={0036-8075, 1095-9203},
  shorttitle={Automatic {Linkage} of {Vital} {Records}},
  doi={10.1126/science.130.3381.954},
  language={en},
  number={3381},
  urldate={2018-06-26},
  journal={Science},
  author={Newcombe, H. B. and Kennedy, J. M. and Axford, S. J. and James, A. P.},
  month = oct,
  year={1959},
  pmid={14426783},
  pages={954--959}
}

@article{mcveigh2019scaling,
  title={Scaling Bayesian Probabilistic Record Linkage with Post-Hoc Blocking: An Application to the California Great Registers},
  author={McVeigh, Brendan S and Spahn, Bradley T and Murray, Jared S},
  journal={arXiv preprint arXiv:1905.05337},
  year={2019}
}

@inproceedings{sadinle2011approaches,
  title={Approaches to multiple record linkage},
  author={Sadinle, Mauricio and Hall, Rob and Fienberg, Stephen E},
  booktitle={Proceedings of International Statistical Institute},
  volume={260},
  pages={1--20},
  year={2011}
}

@inproceedings{steorts_comparison_2014,
  series={Lecture {Notes} in {Computer} {Science}},
  title={A {Comparison} of {Blocking} {Methods} for {Record} {Linkage}},
  isbn={978-3-319-11256-5 978-3-319-11257-2},
  doi={10.1007/978-3-319-11257-2_20},
  language={en},
  urldate={2018-06-26},
  booktitle={Privacy in {Statistical} {Databases}},
  publisher={Springer, Cham},
  author={Steorts, Rebecca C. and Ventura, Samuel L. and Sadinle, Mauricio and Fienberg, Stephen E.},
  month = sep,
  year={2014},
  pages={253--268}
}

@article{sariyar_recordlinkage_2010,
  title={The {RecordLinkage} {Package}: {Detecting} {Errors} in {Data}},
  volume={2},
  issn={2073-4859},
  language={en},
  number={2},
  journal={The R Journal},
  author={Sariyar, Murat and Borg, Andreas},
  month = dec,
  year={2010},
  pages={61--67}
}

@misc{manton_nltcs_2010,
  title={{National} {Long-Term} {Care} {Survey}: 1982, 1984, 1989, 1994, 1999 and 2004},
  author={Manton, Kenneth G.},
  year={2010},
  month = jun,
  doi={10.3886/ICPSR09681.v5},
  publisher={{Inter-University} {Consortium} for {Political} and {Social} {Research}},
  location={Ann Arbor, MI}
}

@techreport{christen_preparation_2014,
  title={Preparation of a real temporal voter data set for record linkage and duplicate detection research},
  institution={Australian National University},
  author={Christen, Peter},
  year={2014}
}

@article{jasra_markov_2005,
  title={Markov {Chain} {Monte} {Carlo} {Methods} and the {Label} {Switching} {Problem} in {Bayesian} {Mixture} {Modeling}},
  volume={20},
  issn={0883-4237, 2168-8745},
  doi={10.1214/088342305000000016},
  language={en},
  number={1},
  urldate={2018-07-04},
  journal={Statistical Science},
  author={Jasra, Ajay and Holmes, Chris C. and Stephens, David A.},
  month = feb,
  year={2005},
  mrnumber={MR2182987},
  zmnumber={1100.62032},
  keywords={Bayesian statistics, identifiability, label switching, MCMC, mixture modeling, sensitivity analysis},
  pages={50--67}
}

@article{copas_record_1990,
  title={Record {Linkage}: {Statistical} {Models} for {Matching} {Computer} {Records}},
  volume={153},
  issn={0964-1998},
  shorttitle={Record {Linkage}},
  doi={10.2307/2982975},
  number={3},
  urldate={2018-07-10},
  journal={Journal of the Royal Statistical Society. Series A (Statistics in Society)},
  author={Copas, J. B. and Hilton, F. J.},
  year={1990},
  pages={287--320}
}


@article{getoor_entity_2012,
  title={Entity {Resolution}: {Theory}, {Practice} \& {Open} {Challenges}},
  volume={5},
  issn={2150-8097},
  shorttitle={Entity {Resolution}},
  doi={10.14778/2367502.2367564},
  number={12},
  urldate={2018-07-10},
  journal={Proc. VLDB Endow.},
  author={Getoor, Lise and Machanavajjhala, Ashwin},
  month = aug,
  year={2012},
  pages={2018--2019}
}

@article{elmagarmid_duplicate_2007,
  title={Duplicate {Record} {Detection}: {A} {Survey}},
  volume={19},
  issn={1041-4347},
  shorttitle={Duplicate {Record} {Detection}},
  doi={10.1109/TKDE.2007.250581},
  number={1},
  journal={IEEE Transactions on Knowledge and Data Engineering},
  author={Elmagarmid, Ahmed K. and Ipeirotis, Panagiotis G. and Verykios, Vassilios S.},
  month = jan,
  year={2007},
  pages={1--16}
}

@book{christen_data_2012,
  address={Berlin Heidelberg},
  series={Data-{Centric} {Systems} and {Applications}},
  title={Data {Matching}: {Concepts} and {Techniques} for {Record} {Linkage}, {Entity} {Resolution}, and {Duplicate} {Detection}},
  isbn={978-3-642-31163-5},
  shorttitle={Data {Matching}},
  language={en},
  urldate={2018-07-10},
  publisher={Springer-Verlag},
  author={Christen, Peter},
  year={2012}
}

@article{steorts_bayesian_2016,
  title={A {Bayesian} {Approach} to {Graphical} {Record} {Linkage} and {Deduplication}},
  volume={111},
  issn={0162-1459},
  doi={10.1080/01621459.2015.1105807},
  language={en},
  number={516},
  urldate={2017-06-08},
  journal={Journal of the American Statistical Association},
  author={Steorts, Rebecca C. and Hall, Rob and Fienberg, Stephen E.},
  month = oct,
  year={2016},
  pages={1660--1672}
}

@article{chen_unique_2018,
  author={Chen, Beidi and Shrivastava, Anshumali and Steorts, Rebecca C.},
  doi={10.1214/18-AOAS1163},
  fjournal={The Annals of Applied Statistics},
  journal={Ann. Appl. Stat.},
  month = jun,
  number={2},
  pages={1039--1067},
  publisher={The Institute of Mathematical Statistics},
  title={Unique entity estimation with application to the {Syrian} conflict},
  _url={https://doi.org/10.1214/18-AOAS1163},
  volume={12},
  year={2018}
}

@inproceedings{bhattacharya_latent_2006,
  author={Indrajit Bhattacharya and Lise Getoor},
  title={A {Latent} {Dirichlet} {Model} for {Unsupervised} {Entity} {Resolution}},
  booktitle={Proceedings of the 2006 {SIAM} {International} {Conference} on {Data} {Mining}},
  pages={47--58},
  year={2006},
  doi={10.1137/1.9781611972764.5},
  _url={https://epubs.siam.org/doi/abs/10.1137/1.9781611972764.5},
  organization={SIAM}
}

@inproceedings{haghighi_unsupervised_2007,
  title={Unsupervised coreference resolution in a nonparametric {Bayesian} model},
  author={Haghighi, Aria and Klein, Dan},
  booktitle={Proceedings of the 45th {Annual} {Meeting} of the {Association} of {Computational} {Linguistics}},
  pages={848--855},
  year={2007}
}

@article{bhattacharya_collective_2007,
  title={Collective entity resolution in relational data},
  author={Bhattacharya, Indrajit and Getoor, Lise},
  journal={ACM {Transactions} on {Knowledge} {Discovery} from {Data} {(TKDD)}},
  volume={1},
  number={1},
  pages={5},
  year={2007},
  month = mar,
  publisher={ACM}
}

@inproceedings{mccallum_conditional_2005,
  author={McCallum, Andrew and Wellner, Ben},
  title={Conditional {Models} of {Identity} {Uncertainty} with {Application} to {Noun} {Coreference}},
  booktitle={Proceedings of the 17th {International} {Conference} on {Neural} {Information} {Processing} {Systems}},
  series={NIPS'04},
  year={2004},
  location={Vancouver, British Columbia, Canada},
  pages={905--912},
  numpages={8},
  publisher={MIT Press},
  address={Cambridge, MA, USA},
}

@inproceedings{ferry_bayesian_2015,
  author={Ferry, J. P. and Lo, D. and Seaquist, T.},
  booktitle={2015 18th {International} {Conference} on {Information} {Fusion}},
  title={A {Bayesian} {Idealization} of {Entity} {Resolution}},
  year={2015},
  month={July},
  volume={},
  number={},
  pages={150-157},
  organization={IEEE}
}

@article{dibenedetto_non-exchangeable_2017,
  author={{Di Benedetto}, Giuseppe and {Caron}, Fran{\c{c}}ois and {Whye Teh}, Yee},
  title={Non-exchangeable random partition models for microclustering},
  journal={arXiv e-prints},
  keywords={Statistics - Methodology, Statistics - Machine Learning},
  year={2017},
  month = nov,
  eid={arXiv:1711.07287},
  archivePrefix={arXiv},
  eprint={1711.07287},
  primaryClass={stat.ME},
  adsurl={https://ui.adsabs.harvard.edu/abs/2017arXiv171107287D}
}

@inbook{pitman_exchangeable_2006,
  author={Pitman, Jim},
  title={Exchangeable random partitions},
  booktitle={Combinatorial {Stochastic} {Processes}: {Ecole} {d'Et{\'e}} de {Probabilit{\'e}s} de {Saint-Flour} {XXXII} -- 2002},
  year={2006},
  publisher={Springer Berlin Heidelberg},
  address={Berlin, Heidelberg},
  pages={37--53},
  isbn={978-3-540-34266-3},
  doi={10.1007/3-540-34266-4_3},
  _url={https://doi.org/10.1007/3-540-34266-4_3}
}

@inproceedings{aldous_exchangeability_1985,
  author={Aldous, David J.},
  editor={Hennequin, P. L.},
  title={Exchangeability and related topics},
  booktitle={{{\'E}cole d'{\'E}t{\'e} de Probabilit{\'e}s de Saint-Flour XIII --- 1983}},
  year={1985},
  publisher={Springer Berlin Heidelberg},
  address={Berlin, Heidelberg},
  pages={1--198},
  isbn={978-3-540-39316-0}
}

@article{broderick_variational_2014,
  author={{Broderick}, Tamara and {Steorts}, Rebecca C.},
  title={Variational {Bayes} for {Merging} {Noisy} {Databases}},
  journal={arXiv e-prints},
  keywords={Statistics - Methodology, Statistics - Machine Learning},
  year={2014},
  month = oct,
  eid={arXiv:1410.4792},
  eprint={1410.4792},
  primaryClass={stat.ME},
  adsurl={https://ui.adsabs.harvard.edu/abs/2014arXiv1410.4792B}
}

@article{de-solla-price_networks_1965,
  author={de Solla Price, Derek J.},
  title={Networks of {Scientific} {Papers}},
  volume={149},
  number={3683},
  pages={510--515},
  year={1965},
  doi={10.1126/science.149.3683.510},
  publisher={American Association for the Advancement of Science},
  issn={0036-8075},
  _url={https://science.sciencemag.org/content/149/3683/510},
  eprint={https://science.sciencemag.org/content/149/3683/510.full.pdf},
  journal={Science}
}

@article{binette2020almost,
  title={(Almost) All of Entity Resolution},
  author={Binette, Olivier and Steorts, Rebecca C},
  journal={arXiv preprint arXiv:2008.04443},
  year={2020}
}


@techreport{teh_bayesian_2006,
  author={Teh, Yee Whye},
  title={A {Bayesian} interpretation of interpolated {Kneser}-{Ney}},
  month = feb,
  year={2006},
  institution={{National} {University} of {Singapore}},
  pages={19},
  _url={http://dl.comp.nus.edu.sg/bitstream/handle/1900.100/1911/TRA2-06.pdf}
}

@article{kaplan2022practical,
  title={A Practical Approach to Proper Inference with Linked Data},
  author={Kaplan, Andee and Betancourt, Brenda and Steorts, Rebecca C},
  journal={The American Statistician},
  pages={1--10},
  year={2022},
  publisher={Taylor \& Francis}
}

@article{binette2022almost,
  title={(Almost) all of entity resolution},
  author={Binette, Olivier and Steorts, Rebecca C},
  journal={Science Advances},
  volume={8},
  number={12},
  pages={eabi8021},
  year={2022},
  publisher={American Association for the Advancement of Science}
}

@article{marchant_d-blink_2019,
  title={d-blink: Distributed end-to-end Bayesian entity resolution},
  author={Marchant, Neil G and Kaplan, Andee and Elazar, Daniel N and Rubinstein, Benjamin IP and Steorts, Rebecca C},
  journal={Journal of Computational and Graphical Statistics},
  volume={30},
  number={2},
  pages={406--421},
  year={2021},
  publisher={Taylor \& Francis}
}

@inproceedings{klami_probabilistic_2016,
  author={Klami, Arto and Jitta, Aditya},
  title={Probabilistic {Size-constrained} {Microclustering}},
  booktitle={Proceedings of the {Thirty-Second} {Conference} on {Uncertainty} in {Artificial} {Intelligence}},
  series={UAI'16},
  year={2016},
  isbn={978-0-9966431-1-5},
  location={Jersey City, New Jersey, USA},
  pages={329--338},
  numpages={10},
  acmid={3020983},
  publisher={AUAI Press},
  address={Arlington, Virginia, United States},
}

@inproceedings{lim_sub-merge_2015,
  author={Lim, Zhe and Rubinstein, Benjamin I. P.},
  title={Sub-merge: {Diving} {Down} to the {Attribute-value} {Level} in {Statistical} {Schema} {Matching}},
  booktitle={Proceedings of the {Twenty-Ninth} {AAAI} {Conference} on {Artificial} {Intelligence}},
  series={AAAI'15},
  year={2015},
  isbn={0-262-51129-0},
  location={Austin, Texas},
  pages={1791--1797},
  numpages={7},
  acmid={2886569},
  publisher={AAAI Press},
}

@inproceedings{monge_field_1996,
  author={Monge, Alvaro E. and Elkan, Charles P.},
  title={The field matching problem: {Algorithms} and applications},
  booktitle={Proceedings of the {Second} {International} {Conference} on {Knowledge} {Discovery} and {Data} {Mining}},
  series={KDD'96},
  year={1996},
  location={Portland, Oregon},
  pages={267--270},
  numpages={4},
  publisher={AAAI Press},
  editor={Simoudis, Evangelos and Han, Jiawei and Fayyad, Usama},
}

@misc{riddle_repository,
  title={{Duplicate Detection}, {Record Linkage}, and {Identity Uncertainty}: {Datasets}},
  howpublished={http://www.cs.utexas.edu/users/ml/riddle/data.html},
  note={Accesssed: 2019-10-01},
  year={2003},
  author={Bilenko, Misha}
}

@article{eddelbuettel_rcpp_2011,
  title={{Rcpp}: Seamless {R} and {C++} Integration},
  author={Dirk Eddelbuettel and Romain Fran\c{c}ois},
  journal={Journal of Statistical Software},
  year={2011},
  volume={40},
  number={8},
  pages={1--18},
  _url={http://www.jstatsoft.org/v40/i08/},
  doi={10.18637/jss.v040.i08},
}

@inproceedings{dubey_parallel_2014,
  author={Dubey, Avinava and Williamson, Sinead A. and Xing, Eric P.},
  title={{Parallel} {Markov Chain Monte Carlo} for {Pitman-Yor} {Mixture} {Models}},
  booktitle={Proceedings of the {Thirtieth} {Conference} on {Uncertainty} in {Artificial} {Intelligence}},
  series={UAI'14},
  year={2014},
  isbn={978-0-9749039-1-0},
  location={Quebec City, Quebec, Canada},
  pages={142--151},
  numpages={10},
  _url={http://dl.acm.org/citation.cfm?id=3020751.3020767},
  acmid={3020767},
  publisher={AUAI Press},
  address={Arlington, Virginia, United States},
}

@article{fan_online_2017,
  author={W. {Fan} and H. {Sallay} and N. {Bouguila}},
  journal={IEEE {Transactions} on {Neural} {Networks} and {Learning} {Systems}},
  title={Online {Learning} of {Hierarchical} {Pitman–Yor} {Process} {Mixture} of {Generalized} {Dirichlet} {Distributions} with {Feature} {Selection}},
  year={2017},
  volume={28},
  number={9},
  pages={2048-2061},
  doi={10.1109/TNNLS.2016.2574500},
  month={sep}
}

@inproceedings{ji2009efficient,
  title={Efficient interactive fuzzy keyword search},
  author={Ji, Shengyue and Li, Guoliang and Li, Chen and Feng, Jianhua},
  booktitle={Proceedings of the 18th international conference on World wide web},
  pages={371--380},
  year={2009},
  organization={ACM}
}

@article{hogan2013quality,
  title={Quality and the 2010 Census},
  author={Hogan, Howard and Cantwell, Patrick J and Devine, Jason and Mule, Vincent T and Velkoff, Victoria},
  journal={Population Research and Policy Review},
  volume={32},
  number={5},
  pages={637--662},
  year={2013},
  publisher={Springer}
}

@article{lin2019kagnet,
  title={KagNet: Knowledge-Aware Graph Networks for Commonsense Reasoning},
  author={Lin, Bill Yuchen and Chen, Xinyue and Chen, Jamin and Ren, Xiang},
  journal={arXiv preprint arXiv:1909.02151},
  year={2019}
}

@unpublished{sam-epp,
  Title={{Methods Matter:  Rethinking Inventor Disambiguation Algorithms with Classification Models and Labeled Inventor Records}},
  Author={S. L. Ventura and R. Nugent and E.R.H. Fuchs},
  Year={2013},
  Journal={Currently Under Review},
}

@article{chipman2010bart,
  title={{BART}: {Bayesian} additive regression trees},
  author={Chipman, Hugh A and George, Edward I and McCulloch, Robert E},
  journal={The Annals of Applied Statistics},
  pages={266--298},
  year={2010},
  publisher={JSTOR}
}


@article{taddy2015bayesian,
  title={{Bayesian} and empirical {Bayesian} forests},
  author={Taddy, Matt and Chen, Chun-Sheng and Yu, Jun and Wyle, Mitch},
  journal={arXiv preprint arXiv:1502.02312},
  year={2015}
}

@article{fritsch_improved_2009,
  title={Improved criteria for clustering based on the posterior similarity matrix},
  volume={4},
  issn={1936-0975, 1931-6690},
  doi={10.1214/09-BA414},
  language={EN},
  number={2},
  urldate={2017-09-27},
  journal={Bayesian Analysis},
  author={Fritsch, Arno and Ickstadt, Katja},
  month = jun,
  year={2009},
  mrnumber={MR2507368},
  zmnumber={1330.62249},
  keywords={Markov chain Monte Carlo, Dirichlet process mixture model, adjusted Rand index, cluster analysis},
  pages={367--391}
}

@article{newman_distributed_2009,
  title={Distributed algorithms for topic models},
  volume={10},
  number={Aug},
  journal={Journal of Machine Learning Research},
  author={Newman, David and Asuncion, Arthur and Smyth, Padhraic and Welling, Max},
  editor={McCallum, Andrew},
  month = aug,
  year={2009},
  pages={1801--1828}
}

@article{lovell_clustercluster:_2013,
  title={{ClusterCluster}: {Parallel} {Markov} {Chain} {Monte} {Carlo} for {Dirichlet} {Process} {Mixtures}},
  shorttitle={{ClusterCluster}},
  urldate={2018-01-11},
  journal={arXiv:1304.2302 [cs, stat]},
  author={Lovell, Dan and Malmaud, Jonathan and Adams, Ryan P. and Mansinghka, Vikash K.},
  month = apr,
  year={2013},
  note={arXiv: 1304.2302},
  keywords={Computer Science - Learning, Statistics - Machine Learning, Computer Science - Distributed, Parallel, and Cluster Computing},
  annote={Comment: 12 pages, 10 figures. Submitted to ICML 2013 during third submission cycle}
}

@inproceedings{liang_permutation-augmented_2007,
  address={New York, NY, USA},
  series={{ICML} '07},
  title={A {Permutation}-augmented {Sampler} for {DP} {Mixture} {Models}},
  isbn={978-1-59593-793-3},
  doi={10.1145/1273496.1273565},
  urldate={2018-03-23},
  booktitle={Proceedings of the 24th {International} {Conference} on {Machine} {Learning}},
  publisher={ACM},
  author={Liang, Percy and Jordan, Michael I. and Taskar, Ben},
  year={2007},
  pages={545--552}
}

@article{yujian_normalized_2007,
  title={A {Normalized} {Levenshtein} {Distance} {Metric}},
  volume={29},
  issn={0162-8828},
  doi={10.1109/TPAMI.2007.1078},
  number={6},
  journal={IEEE Transactions on Pattern Analysis and Machine Intelligence},
  author={Yujian, Li and Bo, Liu},
  month = jun,
  year={2007},
  keywords={Algorithms, Artificial Intelligence, Information Storage and Retrieval, Models, Statistical, Pattern Recognition, Automated, Signal processing algorithms, AESA., Biomedical signal processing, Computational biology, Cost function, Error correction, Handwriting recognition, Image Enhancement, Image Interpretation, Computer-Assisted, Image recognition, Imaging, Three-Dimensional, Information retrieval, Levenshtein distance, metric, normalized edit distance, Pattern recognition, Sequence comparison, Sequences},
  pages={1091--1095}
}

@inproceedings{ge_distributed_2015,
  address={Lille, France},
  series={Proceedings of {Machine} {Learning} {Research}},
  title={Distributed {Inference} for {Dirichlet} {Process} {Mixture} {Models}},
  volume={37},
  booktitle={Proceedings of the 32nd {International} {Conference} on {Machine} {Learning}},
  publisher={PMLR},
  author={Ge, Hong and Chen, Yutian and Wan, Moquan and Ghahramani, Zoubin},
  editor={Bach, Francis and Blei, David},
  month = jul,
  year={2015},
  pages={2276--2284}
}

@inproceedings{chang_parallel_2013,
  address={NY, USA},
  series={{NIPS}'13},
  title={Parallel {Sampling} of {DP} {Mixture} {Models} {Using} {Sub}-clusters {Splits}},
  volume={1},
  booktitle={Proceedings of the 26th {International} {Conference} on {Neural} {Information} {Processing} {Systems}},
  publisher={Curran Associates Inc.},
  author={Chang, Jason and Fisher, III, John W.},
  year={2013},
  pages={620--628}
}

@inproceedings{williamson_parallel_2013,
  address={Atlanta, Georgia, USA},
  series={Proceedings of {Machine} {Learning} {Research}},
  title={Parallel {Markov} {Chain} {Monte} {Carlo} for {Nonparametric} {Mixture} {Models}},
  volume={28},
  booktitle={Proceedings of the 30th {International} {Conference} on {Machine} {Learning}},
  publisher={PMLR},
  author={Williamson, Sinead and Dubey, Avinava and Xing, Eric},
  editor={Dasgupta, Sanjoy and McAllester, David},
  month = jun,
  year={2013},
  pages={98--106}
}

@article{vinh_information_2010,
  title={Information theoretic measures for clusterings comparison: {Variants}, properties, normalization and correction for chance},
  volume={11},
  shorttitle={Information theoretic measures for clusterings comparison},
  number={Oct},
  journal={Journal of Machine Learning Research},
  author={Vinh, Nguyen Xuan and Epps, Julien and Bailey, James},
  month = oct,
  year={2010},
  pages={2837--2854}
}

@article{tierney_markov_1994,
  title={Markov {Chains} for {Exploring} {Posterior} {Distributions}},
  volume={22},
  issn={0090-5364, 2168-8966},
  doi={10.1214/aos/1176325750},
  language={EN},
  number={4},
  journal={The Annals of Statistics},
  author={Tierney, Luke},
  month = dec,
  year={1994},
  mrnumber={MR1329166},
  zmnumber={0829.62080},
  keywords={62-04, Gibbs sampler, Metropolis-Hastings algorithm, Monte Carlo, variance reduction},
  pages={1701--1728}
}

@article{marzal_computation_1993,
  title={Computation of normalized edit distance and applications},
  volume={15},
  issn={0162-8828},
  doi={10.1109/34.232078},
  number={9},
  journal={IEEE Transactions on Pattern Analysis and Machine Intelligence},
  author={Marzal, Andrés and Vidal, Enrique},
  month = sep,
  year={1993},
  pages={926--932}
}

@article{zanella_informed_2017,
  title={Informed proposals for local {MCMC} in discrete spaces},
  urldate={2018-06-07},
  journal={arXiv:1711.07424 [math, stat]},
  author={Zanella, Giacomo},
  month = nov,
  year={2017},
  note={arXiv: 1711.07424},
  keywords={Statistics - Computation, Mathematics - Probability},
  annote={Comment: 20 pages + 14 pages of supplementary, 10 figures}
}

@article{lecuyer_good_1999,
  title={Good {Parameters} and {Implementations} for {Combined} {Multiple} {Recursive} {Random} {Number} {Generators}},
  volume={47},
  issn={0030-364X},
  doi={10.1287/opre.47.1.159},
  number={1},
  urldate={2018-06-07},
  journal={Operations Research},
  author={L'Ecuyer, Pierre},
  month = feb,
  year={1999},
  pages={159--164}
}

@inproceedings{lomeli_hybrid_2015,
  address={Cambridge, MA, USA},
  series={{NIPS}'15},
  title={A {Hybrid} {Sampler} for {Poisson}-{Kingman} {Mixture} {Models}},
  volume={2},
  urldate={2018-06-07},
  booktitle={Proceedings of the 28th {International} {Conference} on {Neural} {Information} {Processing} {Systems}},
  publisher={MIT Press},
  author={Lomelí, María and Favaro, Stefano and Teh, Yee Whye},
  month = dec,
  year={2015},
  pages={2161--2169}
}

@article{friedman_algorithm_1977,
  title={An {Algorithm} for {Finding} {Best} {Matches} in {Logarithmic} {Expected} {Time}},
  volume={3},
  issn={0098-3500},
  doi={10.1145/355744.355745},
  number={3},
  urldate={2018-06-21},
  journal={ACM Trans. Math. Softw.},
  author={Friedman, Jerome H. and Bentley, Jon Louis and Finkel, Raphael Ari},
  month = sep,
  year={1977},
  pages={209--226}
}

@misc{liseo_2013,
  Author={Liseo, Brunero and Tancredi, Andrea},
  Date-Modified={2013-05-30 04:51:43 +0000},
  Title={Some advances on {B}ayesian record linkage and inference for linked data},
  _url={http://www.ine.es/e/essnetdi_ws2011/ppts/Liseo_Tancredi.pdf},
  Year = 2013,
  Bdsk-Url-1={http://www.ine.es/e/essnetdi_ws2011/ppts/Liseo_Tancredi.pdf}
}
  
@misc{winkler_2000,
  Author={Winkler, William E.},
  Date-Modified={2013-05-31 02:23:04 +0000},
  Howpublished={American Statistical Association, Proceedings of the Section on Survey Research Methods, 20--29},
  Title={Machine Learning, Information Retrieval, and Record Linkage},
  _url={http://www.niss.org/affiliates/dqworkshop/papers/winkler.pdf},
  Year = 2000,
  Bdsk-Url-1={http://www.niss.org/affiliates/dqworkshop/papers/winkler.pdf}
}

@article{lahiri_2005,
  Author={Lahiri, P. and Larsen, M.},
  Journal={Journal of the American Statistical Association},
  Number={469},
  Pages={222-230},
  Title={Regression Analysis With Linked Data},
  Volume={100},
  Year={2005}
}
  

@article{Fortinietal01,
  author={Fortini, M. and Liseo, B. and Nuccitelli, A. and Scanu, M.},
  title={{On Bayesian Record Linkage}},
  journal={Research in Official Statistics},
  year={2001},
  number={1},
  volume={4},
  pages={185--198}
}

@misc{Larsen12,
  title={An Experiment with Hierarchical Bayesian Record Linkage},
  author={Michael D. Larsen},
  year={2012},
  eprint={1212.5203},
  archivePrefix={arXiv},
  primaryClass={math.ST}
}

@phdthesis{Matsakis10,
  author={Nicholas Elias Matsakis},
  title={{Active Duplicate Detection with Bayesian Nonparametric Models}},
  school={Massachusetts Institute of Technology},
  year={2010}
}

  
@article{christen_2012,
  title={A survey of indexing techniques for scalable record linkage and deduplication},
  author={Christen, Peter},
  journal={IEEE Transactions on Knowledge and Data Engineering},
  volume={24},
  number={9},
  pages={1537--1555},
  year={2012},
  publisher={IEEE}
}  

@book{Herzog_2007,
  Address={New York},
  Author={Herzog, T.N. and Scheuren, F.J. and Winkler, W.E.},
  Date-Added={2013-05-30 03:49:33 +0000},
  Date-Modified={2013-05-30 03:51:42 +0000},
  Publisher={Springer},
  Title={Data Quality and Record Linkage Techniques},
  Year={2007}
}

@article{belin_1995,
  title={A {Method} for {Calibrating} {False}-{Match} {Rates} in {Record} {Linkage}},
  volume={90},
  issn={0162-1459},
  doi={10.2307/2291082},
  number={430},
  journal={Journal of the American Statistical Association},
  author={Belin, Thomas R. and Rubin, Donald B.},
  year={1995},
  pages={694--707}
}

@article{dempster1977maximum,
  title={Maximum likelihood from incomplete data via the EM algorithm},
  author={Dempster, Arthur P and Laird, Nan M and Rubin, Donald B},
  journal={Journal of the royal statistical society: series B (methodological)},
  volume={39},
  number={1},
  pages={1--22},
  year={1977},
  publisher={Wiley Online Library}
}

@article{larsen_2001,
	title = {Iterative {Automated} {Record} {Linkage} {Using} {Mixture} {Models}},
	volume = {96},
	issn = {0162-1459},
	doi = {10.1198/016214501750332956},
	abstract = {The goal of record linkage is to link quickly and accurately records that correspond to the same person or entity. Whereas certain patterns of agreements and disagreements on variables are more likely among records pertaining to a single person than among records for different people, the observed patterns for pairs of records can be viewed as arising from a mixture of matches and nonmatches. Mixture model estimates can be used to partition record pairs into two or more groups that can be labeled as probable matches (links) and probable nonmatches (nonlinks). A method is proposed and illustrated that uses marginal information in the database to select mixture models, identifies sets of records for clerks to review based on the models and marginal information, incorporates clerically reviewed data, as they become available, into estimates of model parameters, and classifies pairs as links, nonlinks, or in need of further clerical review. The procedure is illustrated with five datasets from the U.S. Bureau of the Census. It appears to be robust to variations in record-linkage sites. The clerical review corrects classifications of some pairs directly and leads to changes in classification of others through reestimation of mixture models.},
	number = {453},
	urldate = {2018-07-19},
	journal = {Journal of the American Statistical Association},
	author = {Larsen, Michael D. and Rubin, Donald B.},
	year = {2001},
	pages = {32--41}
}

@inproceedings{domingos_2004,
  title={Multi-relational record linkage},
  author={Domingos, Parag and Domingos, Pedro},
  booktitle={Proceedings of the KDD-2004 Workshop on Multi-Relational Data Mining},
  year={2004},
  organization={ACM}
}

@inproceedings{singla_entity_2006,
  author={P. {Singla} and P. {Domingos}},
  booktitle={Sixth International Conference on Data Mining (ICDM'06)},
  title={Entity {Resolution} with {Markov} {Logic}},
  year={2006},
  pages={572--582},
  doi={10.1109/ICDM.2006.65},
  ISSN={2374-8486},
  month={Dec}
}

@inproceedings{Larsen02,
  author={Larsen, Michael D.},
  title={{Comments on Hierarchical Bayesian Record Linkage}},
  booktitle={Proceedings of the Joint Statistical Meetings, Section on Survey Research Methods},
  year={2002},
  organization={The American Statistical Association},
  pages={1995--2000}
} 

@inproceedings{Larsen05,
  author={Larsen, Michael D.},
  title={{Advances in Record Linkage Theory: Hierarchical Bayesian Record Linkage Theory}},
  booktitle={Proceedings of the Joint Statistical Meetings, Section on Survey Research Methods},
  year={2005},
  organization={The American Statistical Association},
  pages={3277--3284}
} 

@article{jaro_1989,
    author = {Jaro, Matthew A.},
    journal = {Journal of the American Statistical Association},
    number = {406},
    pages = {414--420},
    title = {Advances in Record-Linkage Methodology as Applied to Matching the 1985 Census of {T}ampa, {F}lorida},
    volume = {84},
    year = {1989}
}

@article{Winkler1988,
    author = {Winkler, William E.},
    journal = {Proceedings of the Section on Survey Research Methods},
    publisher={American Statistical Association},
    pages = {667--671},
    title = {Using the EM Algorithm for Weight Computation in the {F}ellegi-{S}unter Model of Record Linkage},
    year = {1988}
}

@misc{winkler_2000,
  author={Winkler, William E.},
  howpublished={American Statistical Association, Proceedings of the Section on Survey Research Methods, 20--29},
  title={Machine Learning, Information Retrieval, and Record Linkage},
  _url={http://www.niss.org/affiliates/dqworkshop/papers/winkler.pdf},
  year={2000}
}
  
@article{murray2016probabilistic,
  title={Probabilistic Record Linkage and Deduplication after Indexing, Blocking, and Filtering},
  author={Murray, Jared S.},
  journal={Journal of Privacy and Confidentiality},
  volume={7},
  number={1},
  pages={3--24},
  year={2016}
}

@techreport{winkler_overview_2006,
  title={Overview of record linkage and current research directions},
  abstract={This paper provides background on record linkage methods that can be used in combining data from a variety of sources such as person lists business lists. It also gives some areas of current research.},
  number={Statistics \#2006-2},
  institution={U.S. Bureau of the Census},
  author={Winkler, William E.},
  month = feb,
  year={2006}
}

@techreport{winkler_state_1999,
  title={The {State} of {Record} {Linkage} and {Current} {Research} {Problems}},
  institution={Statistical Research Division, U.S. Bureau of the Census},
  author={Winkler, William E.},
  year={1999}
}

@article{geman_stochastic_1984,
  title={Stochastic {Relaxation}, {Gibbs} {Distributions}, and the {Bayesian} {Restoration} of {Images}},
  volume={PAMI-6},
  issn={0162-8828},
  doi={10.1109/TPAMI.1984.4767596},
  number={6},
  journal={IEEE Transactions on Pattern Analysis and Machine Intelligence},
  author={Geman, Stuart and Geman, Donald},
  month = nov,
  year={1984},
  keywords={Bayesian methods, Markov random fields, Stochastic processes, Additive noise, Annealing, Deformable models, Degradation, Energy states, Gibbs distribution, image restoration, Image restoration, line process, MAP estimate, Markov random field, relaxation, scene modeling, spatial degradation, Temperature distribution},
  pages={721--741}
}

@book{liu_monte_2004,
  address={New York},
  series={Springer {Series} in {Statistics}},
  title={Monte {Carlo} {Strategies} in {Scientific} {Computing}},
  isbn={978-0-387-76369-9},
  language={en},
  publisher={Springer-Verlag},
  author={Liu, Jun S.},
  year={2004}
}


@article{vats_multivariate_2015,
  title={Multivariate {Output} {Analysis} for {Markov} chain {Monte} {Carlo}},
  _url={http://arxiv.org/abs/1512.07713},
  urldate={2018-06-29},
  journal={arXiv:1512.07713 [math, stat]},
  author={Vats, Dootika and Flegal, James M. and Jones, Galin L.},
  month = dec,
  year={2015},
  note={arXiv: 1512.07713}
}

@techreport{winkler_methods_2002,
  title={Methods for {Record Linkage} and {Bayesian Networks}},
  number={Statistics \#2002-05},
  author={Winkler, William E.},
  year={2002},
  institution={U.S. Bureau of the Census},
}

@techreport{enamorado_using_2017,
  title={Using a probabilistic model to assist merging of large-scale administrative records},
  author={Enamorado, Ted and Fifield, Benjamin and Imai, Kosuke},
  year={2017},
  institution={{Department of Politics}, {Princeton University}}
}

@article{zaharia_apache_2016,
  author={Zaharia, Matei and Xin, Reynold S. and Wendell, Patrick and Das, Tathagata and Armbrust, Michael and Dave, Ankur and Meng, Xiangrui and Rosen, Josh and Venkataraman, Shivaram and Franklin, Michael J. and Ghodsi, Ali and Gonzalez, Joseph and Shenker, Scott and Stoica, Ion},
  title={Apache Spark: A Unified Engine for Big Data Processing},
  journal={Commun. ACM},
  issue_date={November 2016},
  volume={59},
  number={11},
  month = oct,
  year={2016},
  issn={0001-0782},
  pages={56--65},
  numpages={10},
  _url={http://doi.acm.org/10.1145/2934664},
  doi={10.1145/2934664},
  acmid={2934664},
  publisher={ACM},
  address={New York, NY, USA},
}

@article{wang_crowder:_2012,
  title={{CrowdER}: {Crowdsourcing} {Entity} {Resolution}},
  volume={5},
  issn={2150-8097},
  shorttitle={{CrowdER}},
  doi={10.14778/2350229.2350263},
  number={11},
  urldate={2018-07-10},
  journal={Proc. VLDB Endow.},
  author={Wang, Jiannan and Kraska, Tim and Franklin, Michael J. and Feng, Jianhua},
  month = jul,
  year={2012},
  pages={1483--1494}
}

@inproceedings{culotta_canonicalization_2007,
  author={Culotta, Aron and Wick, Michael and Hall, Robert and Marzilli, Matthew and McCallum, Andrew},
  title={{Canonicalization} of {Database} {Records} {Using} {Adaptive} {Similarity} {Measures}},
  booktitle={Proceedings of the 13th {ACM} {SIGKDD} {International} {Conference} on {Knowledge} {Discovery} and {Data} {Mining}},
  series={KDD '07},
  year={2007},
  isbn={978-1-59593-609-7},
  location={San Jose, California, USA},
  pages={201--209},
  numpages={9},
  _url={http://doi.acm.org/10.1145/1281192.1281217},
  doi={10.1145/1281192.1281217},
  acmid={1281217},
  publisher={ACM},
  address={New York, NY, USA}
}

@inproceedings{gokhale_corleone:_2014,
  address={New York, NY, USA},
  series={{SIGMOD} '14},
  title={Corleone: {Hands}-off {Crowdsourcing} for {Entity} {Matching}},
  isbn={978-1-4503-2376-5},
  shorttitle={Corleone},
  doi={10.1145/2588555.2588576},
  urldate={2018-07-10},
  booktitle={Proceedings of the 2014 {ACM} {SIGMOD} {International} {Conference} on {Management} of {Data}},
  publisher={ACM},
  author={Gokhale, Chaitanya and Das, Sanjib and Doan, AnHai and Naughton, Jeffrey F. and Rampalli, Narasimhan and Shavlik, Jude and Zhu, Xiaojin},
  year={2014},
  keywords={active learning, crowdsourcing, entity matching},
  pages={601--612}
}

@article{papadakis_comparative_2016,
  title={Comparative {Analysis} of {Approximate} {Blocking} {Techniques} for {Entity} {Resolution}},
  volume={9},
  issn={2150-8097},
  doi={10.14778/2947618.2947624},
  number={9},
  urldate={2018-07-10},
  journal={Proc. VLDB Endow.},
  author={Papadakis, George and Svirsky, Jonathan and Gal, Avigdor and Palpanas, Themis},
  month = may,
  year={2016},
  pages={684--695}
}


@inproceedings{mudgal_deep_2018,
  address={New York, NY, USA},
  series={{SIGMOD} '18},
  title={Deep {Learning} for {Entity} {Matching}: {A} {Design} {Space} {Exploration}},
  isbn={978-1-4503-4703-7},
  shorttitle={Deep {Learning} for {Entity} {Matching}},
  doi={10.1145/3183713.3196926},
  urldate={2018-07-10},
  booktitle={Proceedings of the 2018 {International} {Conference} on {Management} of {Data}},
  publisher={ACM},
  author={Mudgal, Sidharth and Li, Han and Rekatsinas, Theodoros and Doan, AnHai and Park, Youngchoon and Krishnan, Ganesh and Deep, Rohit and Arcaute, Esteban and Raghavendra, Vijay},
  year={2018},
  keywords={deep learning, entity matching, entity resolution},
  pages={19--34}
}

@inproceedings{galhotra_robust_2018,
  address={New York, NY, USA},
  series={{SIGMOD} '18},
  title={Robust {Entity} {Resolution} {Using} {Random} {Graphs}},
  isbn={978-1-4503-4703-7},
  doi={10.1145/3183713.3183755},
  urldate={2018-07-10},
  booktitle={Proceedings of the 2018 {International} {Conference} on {Management} of {Data}},
  publisher={ACM},
  author={Galhotra, Sainyam and Firmani, Donatella and Saha, Barna and Srivastava, Divesh},
  year={2018},
  keywords={crowdsourcing, data cleaning, entity resolution, expander graphs},
  pages={3--18}
}


@inproceedings{singh_generating_2017,
  address={New York, NY, USA},
  series={{SIGMOD} '17},
  title={Generating {Concise} {Entity} {Matching} {Rules}},
  isbn={978-1-4503-4197-4},
  doi={10.1145/3035918.3058739},
  urldate={2018-07-11},
  booktitle={Proceedings of the 2017 {ACM} {International} {Conference} on {Management} of {Data}},
  publisher={ACM},
  author={Singh, Rohit and Meduri, Vamsi and Elmagarmid, Ahmed and Madden, Samuel and Papotti, Paolo and Quian{\'e}-Ruiz, Jorge-Arnulfo and Solar-Lezama, Armando and Tang, Nan},
  year={2017},
  keywords={disjunctive normal forms, entity matching, general boolean formulas, program synthesis},
  pages={1635--1638}
}

@article{fan_reasoning_2009,
  title={Reasoning {About} {Record} {Matching} {Rules}},
  volume={2},
  issn={2150-8097},
  doi={10.14778/1687627.1687674},
  number={1},
  urldate={2018-07-11},
  journal={Proc. VLDB Endow.},
  author={Fan, Wenfei and Jia, Xibei and Li, Jianzhong and Ma, Shuai},
  month = aug,
  year={2009},
  pages={407--418}
}

@incollection{neal_mcmc_2011,
  address={New York},
  series={Handbooks of {Modern} {Statistical} {Methods}},
  title={{MCMC} {Using} {Hamiltonian} {Dynamics}},
  isbn={978-1-4200-7942-5},
  language={en},
  booktitle={Handbook of {Markov} {Chain} {Monte} {Carlo}},
  publisher={Chapman and Hall/CRC},
  author={Neal, Radford M.},
  editor={Brooks, Steve and Gelman, Andrew and Jones, Galin L. and Meng, Xiao-Li},
  month = may,
  year={2011},
  pages={50}
}

@article{blei_variational_2017,
  title={Variational {Inference}: {A} {Review} for {Statisticians}},
  volume={112},
  issn={0162-1459},
  shorttitle={Variational {Inference}},
  doi={10.1080/01621459.2017.1285773},
  number={518},
  urldate={2018-07-11},
  journal={Journal of the American Statistical Association},
  author={Blei, David M. and Kucukelbir, Alp and McAuliffe, Jon D.},
  month = apr,
  year={2017},
  keywords={Algorithms, Computationally intensive methods, Statistical computing}
}


@inproceedings{gal_pitfalls_2014,
  address={Beijing, China},
  series={{ICML}'14},
  title={Pitfalls in the {Use} of {Parallel} {Inference} for the {Dirichlet} {Process}},
  urldate={2018-07-11},
  booktitle={Proceedings of the 31st {International} {Conference} on {International} {Conference} on {Machine} {Learning} - {Volume} 32},
  publisher={JMLR.org},
  author={Gal, Yarin and Ghahramani, Zoubin},
  year={2014},
  pages={II--208--II--216}
}


@article{smola_architecture_2010,
  title={An {Architecture} for {Parallel} {Topic} {Models}},
  volume={3},
  issn={2150-8097},
  doi={10.14778/1920841.1920931},
  number={1-2},
  urldate={2018-07-11},
  journal={Proc. VLDB Endow.},
  author={Smola, Alexander and Narayanamurthy, Shravan},
  month = sep,
  year={2010},
  pages={703--710}
}


@inproceedings{ahn_distributed_2014,
  address={Beijing, China},
  series={{ICML}'14},
  title={Distributed {Stochastic} {Gradient} {MCMC}},
  urldate={2018-07-12},
  booktitle={Proceedings of the 31st {International} {Conference} on {International} {Conference} on {Machine} {Learning} - {Volume} 32},
  publisher={JMLR.org},
  author={Ahn, Sungjin and Shahbaba, Babak and Welling, Max},
  year={2014},
  pages={II--1044--II--1052}
}


@book{naumann_introduction_2010,
  title={An {Introduction} to {Duplicate} {Detection}},
  isbn={978-1-60845-220-0},
  publisher={Morgan and Claypool Publishers},
  author={Naumann, Felix and Herschel, Melanie},
  year={2010}
}



@book{gelman_bayesian_2013,
  address={New York},
  edition={3rd edition},
  series={Texts in {Statistical} {Science}},
  title={Bayesian {Data} {Analysis}},
  isbn={978-1-4398-9820-8},
  language={en},
  urldate={2018-07-13},
  publisher={Chapman and Hall/CRC},
  author={Gelman, Andrew and Carlin, John B. and Stern, Hal S. and Dunson, David B. and Vehtari, Aki and Rubin, Donald B.},
  month = nov,
  year={2013},
  doi={10.1201/b16018}
}

@article{winkler2014matching,
  title={Matching and record linkage},
  author={Winkler, William E.},
  journal={Wiley Interdisciplinary Reviews: Computational Statistics},
  volume={6},
  number={5},
  pages={313--325},
  year={2014},
  month = jul,
  publisher={Wiley Online Library},
  copyright={Published 2014. This article is a U.S. Government work and is in the public domain in the USA.},
  issn={1939-0068},
  doi={10.1002/wics.1317},
  language={en}
}


@article{dong_big_2015,
  title={Big {Data} {Integration}},
  volume={7},
  issn={2153-5418},
  doi={10.2200/S00578ED1V01Y201404DTM040},
  number={1},
  urldate={2016-02-15},
  journal={Synthesis Lectures on Data Management},
  author={Dong, Xin Luna and Srivastava, Divesh},
  month = feb,
  year={2015},
  pages={1--198}
}


@article{bleiholder_data_2009,
  title={Data {Fusion}},
  volume={41},
  issn={0360-0300},
  doi={10.1145/1456650.1456651},
  number={1},
  urldate={2016-06-16},
  journal={ACM Comput. Surv.},
  author={Bleiholder, Jens and Naumann, Felix},
  month = jan,
  year={2009},
  keywords={Data cleansing, data conflicts, data consolidation, data integration, data merging, data quality},
  pages={1:1--1:41}
}

@article{li_survey_2016,
  title={A {Survey} on {Truth} {Discovery}},
  volume={17},
  issn={1931-0145},
  doi={10.1145/2897350.2897352},
  number={2},
  journal={SIGKDD Explor. Newsl.},
  author={Li, Yaliang and Gao, Jing and Meng, Chuishi and Li, Qi and Su, Lu and Zhao, Bo and Fan, Wei and Han, Jiawei},
  month = feb,
  year={2016},
  pages={1--16}
}

@inproceedings{li_resolving_2014,
  address={New York, NY, USA},
  series={{SIGMOD} '14},
  title={Resolving {Conflicts} in {Heterogeneous} {Data} by {Truth} {Discovery} and {Source} {Reliability} {Estimation}},
  isbn={978-1-4503-2376-5},
  doi={10.1145/2588555.2610509},
  booktitle={Proceedings of the 2014 {ACM} {SIGMOD} {International} {Conference} on {Management} of {Data}},
  publisher={ACM},
  author={Li, Qi and Li, Yaliang and Gao, Jing and Zhao, Bo and Fan, Wei and Han, Jiawei},
  year={2014},
  keywords={data fusion, heterogeneous data, truth discovery},
  pages={1187--1198}
}

@article{zheng_truth_2017,
  title={Truth {Inference} in {Crowdsourcing}: {Is} the {Problem} {Solved}?},
  volume={10},
  issn={2150-8097},
  shorttitle={Truth {Inference} in {Crowdsourcing}},
  doi={10.14778/3055540.3055547},
  number={5},
  journal={Proc. VLDB Endow.},
  author={Zheng, Yudian and Li, Guoliang and Li, Yuanbing and Shan, Caihua and Cheng, Reynold},
  month = jan,
  year={2017},
  pages={541--552}
}


@inproceedings{pasternack_latent_2013,
  address={New York, NY, USA},
  series={{WWW} '13},
  title={Latent {Credibility} {Analysis}},
  isbn={978-1-4503-2035-1},
  doi={10.1145/2488388.2488476},
  booktitle={Proceedings of the 22Nd {International} {Conference} on {World} {Wide} {Web}},
  publisher={ACM},
  author={Pasternack, Jeff and Roth, Dan},
  year={2013},
  keywords={Graphical models, credibility, trust, veracity},
  pages={1009--1020}
}


@article{lesot_similarity_2008,
  title={Similarity measures for binary and numerical data: a survey},
  volume={1},
  issn={1755-3210},
  shorttitle={Similarity measures for binary and numerical data},
  doi={10.1504/IJKESDP.2009.021985},
  number={1},
  journal={International Journal of Knowledge Engineering and Soft Data Paradigms},
  author={Lesot, Marie-Jeanne and Rifqi, Maria and Benhadda, Hamid},
  month = dec,
  year={2008},
  pages={63--84}
}


@article{turek_efficient_2016,
  title={Efficient {Markov} chain {Monte} {Carlo} sampling for hierarchical hidden {Markov} models},
  volume={23},
  issn={1352-8505, 1573-3009},
  doi={10.1007/s10651-016-0353-z},
  language={en},
  number={4},
  journal={Environmental and Ecological Statistics},
  author={Turek, Daniel and Valpine, Perry de and Paciorek, Christopher J.},
  month = dec,
  year={2016},
  pages={549--564}
}

@inproceedings{bilenko_adaptive_2003,
  address={New York, NY, USA},
  series={{KDD} '03},
  title={Adaptive {Duplicate} {Detection} {Using} {Learnable} {String} {Similarity} {Measures}},
  isbn={978-1-58113-737-8},
  doi={10.1145/956750.956759},
  booktitle={Proceedings of the {Ninth} {ACM} {SIGKDD} {International} {Conference} on {Knowledge} {Discovery} and {Data} {Mining}},
  publisher={ACM},
  author={Bilenko, Mikhail and Mooney, Raymond J.},
  year={2003},
  pages={39--48}
}

@article{tancredi_2015_regression,
  title={Regression analysis with linked data: problems and possible solutions},
  author={Tancredi, Andrea and Liseo, Brunero},
  journal={Statistica},
  volume={75},
  number={1},
  pages={19--35},
  year={2015}
}

@article{tancredi2020unified,
  title={A unified framework for de-duplication and population size estimation (with discussion)},
  author={Tancredi, Andrea and Steorts, Rebecca and Liseo, Brunero},
  journal={Bayesian Analysis},
  volume={15},
  number={2},
  pages={633--682},
  year={2020},
  publisher={International Society for Bayesian Analysis}
}

@article{konda2016magellan,
  title={Magellan: Toward building entity matching management systems},
  author={Konda, Pradap and Das, Sanjib and Suganthan GC, Paul and Doan, AnHai and Ardalan, Adel and Ballard, Jeffrey R and Li, Han and Panahi, Fatemah and Zhang, Haojun and Naughton, Jeff and others},
  journal={Proceedings of the VLDB Endowment},
  volume={9},
  number={12},
  pages={1197--1208},
  year={2016},
  publisher={VLDB Endowment}
}

@inproceedings{das2017falcon,
  title={Falcon: Scaling up hands-off crowdsourced entity matching to build cloud services},
  author={Das, Sanjib and GC, Paul Suganthan and Doan, AnHai and Naughton, Jeffrey F and Krishnan, Ganesh and Deep, Rohit and Arcaute, Esteban and Raghavendra, Vijay and Park, Youngchoon},
  booktitle={Proceedings of the 2017 ACM International Conference on Management of Data},
  pages={1431--1446},
  year={2017},
  organization={ACM}
}

@Manual{mcmcse,
    title={mcmcse: Monte Carlo Standard Errors for MCMC},
    author={James M. Flegal and John Hughes and Dootika Vats and Ning Dai},
    year={2017},
    address={Riverside, CA, Denver, CO, Coventry, UK, and Minneapolis, MN},
    note={R package version 1.3-2},
  }

@book{little_statistical_2002,
  title={Statistical {Analysis} with {Missing} {Data}},
  isbn={978-0-471-18386-0},
  language={en},
  publisher={Wiley},
  author={Little, Roderick J. A. and Rubin, Donald B.},
  month = sep,
  year={2002}
}

@article{hoffman2013stochastic,
  author={Hoffman, Matthew D. and Blei, David M. and Wang, Chong and Paisley, John},
  title={Stochastic {Variational} {Inference}},
  journal={J. Mach. Learn. Res.},
  volume={14},
  number={1},
  month = may,
  year={2013},
  issn={1532-4435},
  pages={1303--1347},
  numpages={45},
  _url={http://dl.acm.org/citation.cfm?id=2502581.2502622},
  acmid={2502622},
  publisher={JMLR.org}
}

@article{gershman2012nonparametric,
  title={Nonparametric variational inference},
  author={Gershman, Samuel and Hoffman, Matt and Blei, David},
  journal={arXiv preprint arXiv:1206.4665},
  year={2012}
}

@inproceedings{verroios2015entity,
  author={Verroios, Vasilis and Garcia-Molina, Hector},
  booktitle={2015 IEEE 31st International Conference on Data Engineering},
  title={Entity {Resolution} with crowd errors},
  year={2015},
  pages={219--230},
  doi={10.1109/ICDE.2015.7113286},
  month=apr
}

@inproceedings{rendle_scaling_2008,
  author={Rendle, Steffen and Schmidt-Thieme, Lars},
  editor={Washio, Takashi and Suzuki, Einoshin and Ting, Kai Ming and Inokuchi, Akihiro},
  title={Scaling {Record} {Linkage} to {Non-uniform} {Distributed} {Class} {Sizes}},
  booktitle={Advances in {Knowledge} {Discovery} and {Data} {Mining}},
  year={2008},
  publisher={Springer Berlin Heidelberg},
  address={Berlin, Heidelberg},
  pages={308--319},
  isbn={978-3-540-68125-0}
}

@inproceedings{bellare_active_2012,
  author={Bellare, Kedar and Iyengar, Suresh and Parameswaran, Aditya G. and Rastogi, Vibhor},
  title={Active {Sampling} for {Entity} {Matching}},
  booktitle={Proceedings of the 18th {ACM} {SIGKDD} {International} {Conference} on {Knowledge} {Discovery} and {Data} {Mining}},
  series={KDD '12},
  year={2012},
  isbn={978-1-4503-1462-6},
  location={Beijing, China},
  pages={1131--1139},
  numpages={9},
  _url={http://doi.acm.org/10.1145/2339530.2339707},
  doi={10.1145/2339530.2339707},
  acmid={2339707},
  publisher={ACM},
  address={New York, NY, USA},
  keywords={active learning, deduplication, entity matching, imbalanced data},
}

@inproceedings{qian_active_2017,
  author={Qian, Kun and Popa, Lucian and Sen, Prithviraj},
  title={Active {Learning} for {Large-Scale} {Entity} {Resolution}},
  booktitle={Proceedings of the 2017 {ACM} on {Conference} on {Information} and {Knowledge} {Management}},
  series={CIKM '17},
  year={2017},
  isbn={978-1-4503-4918-5},
  location={Singapore, Singapore},
  pages={1379--1388},
  numpages={10},
  _url={http://doi.acm.org/10.1145/3132847.3132949},
  doi={10.1145/3132847.3132949},
  acmid={3132949},
  publisher={ACM},
  address={New York, NY, USA},
  keywords={entity resolution, large-scale data cleansing},
} 

@article{ebraheem_distributed_2018,
  author={Ebraheem, Muhammad and Thirumuruganathan, Saravanan and Joty, Shafiq and Ouzzani, Mourad and Tang, Nan},
  title={Distributed {Representations} of {Tuples} for {Entity} {Resolution}},
  journal={Proc. VLDB Endow.},
  issue_date={July 2018},
  volume={11},
  number={11},
  month = jul,
  year={2018},
  issn={2150-8097},
  pages={1454--1467},
  numpages={14},
  _url={https://doi.org/10.14778/3236187.3269461},
  doi={10.14778/3236187.3269461},
  acmid={3269461},
  publisher={VLDB Endowment}
} 

@inproceedings{bilenko_adaptive_2005,
  author={Bilenko, Mikhail and Basu, Sugato and Sahami, Mehran},
  title={Adaptive Product Normalization: Using Online Learning for Record Linkage in Comparison Shopping},
  booktitle={Proceedings of the Fifth IEEE International Conference on Data Mining},
  series={ICDM '05},
  year={2005},
  isbn={0-7695-2278-5},
  pages={58--65},
  numpages={8},
  doi={10.1109/ICDM.2005.18},
  acmid={1106331},
  publisher={IEEE Computer Society},
  address={Washington, DC, USA},
}

@inproceedings{chaudhuri_robust_2005,
  author={Chaudhuri, Surajit and Ganti, Venkatesh and Motwani, Rajeev},
  title={Robust {Identification} of {Fuzzy} {Duplicates}},
  booktitle={Proceedings of the 21st {International} {Conference} on {Data} {Engineering}},
  series={ICDE '05},
  year={2005},
  isbn={0-7695-2285-8},
  pages={865--876},
  numpages={12},
  _url={https://doi.org/10.1109/ICDE.2005.125},
  doi={10.1109/ICDE.2005.125},
  acmid={1054123},
  publisher={IEEE Computer Society},
  address={Washington, DC, USA},
} 

@article{deblasi_gibbs-type_2015,
  author={P. {De Blasi} and S. {Favaro} and A. {Lijoi} and R. H. {Mena} and I. {Pr\"{u}nster} and M. {Ruggiero}},
  journal={IEEE {Transactions} on {Pattern} {Analysis} and {Machine} {Intelligence}},
  title={Are {Gibbs-Type} {Priors} the {Most} {Natural} {Generalization} of the {Dirichlet Process}?},
  year={2015},
  volume={37},
  number={2},
  pages={212-229},
  doi={10.1109/TPAMI.2013.217},
  month={Feb}
}

@article{kingman_random_1978,
  ISSN={00804630},
  _url={http://www.jstor.org/stable/79629},
  author={J. F. C. Kingman},
  journal={Proceedings of the Royal Society of London. Series A, Mathematical and Physical Sciences},
  number={1704},
  pages={1--20},
  publisher={The Royal Society},
  title={Random {Partitions} in {Population} {Genetics}},
  volume={361},
  year={1978}
}

@article{kingman_representation_1978,
  author={Kingman, J. F. C.},
  title={The {Representation} of {Partition} {Structures}},
  journal={Journal of the London Mathematical Society},
  volume={s2-18},
  number={2},
  pages={374-380},
  doi={10.1112/jlms/s2-18.2.374},
  _url={https://londmathsoc.onlinelibrary.wiley.com/doi/abs/10.1112/jlms/s2-18.2.374},
  year={1978}
}

@article{enamorado_using_2019, 
  title={Using a {Probabilistic} {Model} to {Assist} {Merging} of {Large-Scale} {Administrative} {Records}}, 
  volume={113}, 
  DOI={10.1017/S0003055418000783}, 
  number={2}, 
  journal={American Political Science Review}, 
  publisher={Cambridge University Press}, 
  author={Enamorado, Ted and Fifield, Benjamin and Imai, Kosuke}, 
  year={2019}, 
  pages={353–371}
}

@misc{mcveigh_practical_2017,
  title={Practical {Bayesian} {Inference} for {Record} {Linkage}},
  author={Brendan S. McVeigh and Jared S. Murray},
  year={2017},
  eprint={1710.10558},
  archivePrefix={arXiv},
  primaryClass={stat.ME}
}

@techreport{winkler_using_2000,
  title={Using the {EM} {Algorithm} for {Weight} {Computation} in the {Fellegi-Sunter} {Model} of {Record Linkage}},
  year={2000},
  month = oct,
  author={Winkler, William E.},
  number={No.\ RR2000/05},
  institution={U.S. Bureau of the Census},
  _url={https://www.census.gov/srd/papers/pdf/rr2000-05.pdf}
}

@inproceedings{mccallum_efficient_2000,
  author={McCallum, Andrew and Nigam, Kamal and Ungar, Lyle H.},
  title={Efficient {Clustering} of {High-dimensional} {Data} {Sets} with {Application} to {Reference} {Matching}},
  booktitle={Proceedings of the Sixth ACM SIGKDD International Conference on Knowledge Discovery and Data Mining},
  series={KDD '00},
  year={2000},
  isbn={1-58113-233-6},
  location={Boston, Massachusetts, USA},
  pages={169--178},
  numpages={10},
  _url={http://doi.acm.org/10.1145/347090.347123},
  doi={10.1145/347090.347123},
  acmid={347123},
  publisher={ACM},
  address={New York, NY, USA},
} 

@inproceedings{ravikumar_hierarchical_2004,
  author={Ravikumar, Pradeep and Cohen, William W.},
  title={A Hierarchical Graphical Model for Record Linkage},
  booktitle={Proceedings of the 20th Conference on Uncertainty in Artificial Intelligence},
  series={UAI '04},
  year={2004},
  isbn={0-9749039-0-6},
  location={Banff, Canada},
  pages={454--461},
  numpages={8},
  _url={http://dl.acm.org/citation.cfm?id=1036843.1036898},
  acmid={1036898},
  publisher={AUAI Press},
  address={Arlington, Virginia, United States},
}

@inproceedings{pasula_identity_2002,
  author={Pasula, Hanna and Marthi, Bhaskara and Milch, Brian and Russell, Stuart and Shpitser, Ilya},
  title={Identity {Uncertainty} and {Citation} {Matching}},
  booktitle={Proceedings of the 15th International Conference on Neural Information Processing Systems},
  series={NIPS'02},
  year={2002},
  pages={1425--1432},
  numpages={8},
  _url={http://dl.acm.org/citation.cfm?id=2968618.2968795},
  acmid={2968795},
  publisher={MIT Press},
  address={Cambridge, MA, USA},
} 

@inproceedings{miller_microclustering_2015,
  author={Miller, Jeffrey W. and Betancourt, Brenda and Zaidi, Abbas and Wallach, Hannah and Steorts, Rebecca C.},
  title={{Microclustering:} {When} the {Cluster} {Sizes} {Grow} {Sublinearly} with the {Size} of the {Data} {Set}},
  year={2015},
  maintitle={NIPS},
  booktitle={Bayesian Nonparametrics: The Next Generation Workshop},
  _url={https://drive.google.com/file/d/0B1-Vx4o3v8xfZ0pDNW5hWDBNMTA/view}
}

@article{pitman_exchangeable_1995,
  author={Pitman, Jim},
  title={Exchangeable and partially exchangeable random partitions},
  journal={Probability Theory and Related Fields},
  year={1995},
  month = jun,
  day={01},
  volume={102},
  number={2},
  pages={145--158},
  issn={1432-2064},
  doi={10.1007/BF01213386},
  _url={https://doi.org/10.1007/BF01213386}
}

@inproceedings{steorts_generalized_2018,
  author={Steorts, Rebecca C. and Tancredi, Andrea and Liseo, Brunero},
  editor={Domingo-Ferrer, Josep and Montes, Francisco},
  title={Generalized {Bayesian} {Record} {Linkage} and {Regression} with {Exact} {Error} {Propagation}},
  booktitle={{Privacy in Statistical Databases}},
  year={2018},
  publisher={Springer International Publishing},
  address={Cham},
  pages={297--313},
  isbn={978-3-319-99771-1}
}

@inproceedings{wilson_beyond_2011,
  author={D. R. {Wilson}},
  booktitle={The 2011 International Joint Conference on Neural Networks},
  title={Beyond probabilistic record linkage: Using neural networks and complex features to improve genealogical record linkage},
  year={2011},
  pages={9--14},
  keywords={Bayes methods;learning (artificial intelligence);pattern matching;perceptrons;records management;genealogical record linkage method;probabilistic record linkage method;naive Bayes classifier;machine learning;neural network algorithms;single-layer perceptron;high-level matching features;Couplings;Probabilistic logic;Training;Accuracy;Fires;Neural networks;Classification algorithms},
  doi={10.1109/IJCNN.2011.6033192},
  ISSN={2161-4393},
  month=jul
}

@inproceedings{jitta_few_2017,
  title={Few-to-few {Cross-domain} {Object} {Matching}},
  author={Aditya Jitta and Arto Klami},
  booktitle={Proceedings of The 3rd International Workshop on Advanced Methodologies for Bayesian Networks},
  pages={176--187},
  year={2017},
  editor={Antti Hyttinen and Joe Suzuki and Brandon Malone},
  volume={73},
  series={Proceedings of Machine Learning Research},
  month={sep},
  publisher={PMLR},
  _url={http://proceedings.mlr.press/v73/jitta17a.html}
}

@article{iwata_unsupervised_2016,
  author={T. {Iwata} and J. R. {Lloyd} and Z. {Ghahramani}},
  journal={IEEE Transactions on Pattern Analysis and Machine Intelligence},
  title={Unsupervised {Many-to-Many} {Object} {Matching} for {Relational} {Data}},
  year={2016},
  volume={38},
  number={3},
  pages={607--617},
  doi={10.1109/TPAMI.2015.2469284},
  ISSN={1939-3539},
  month={mar}
}

@article{murray_probabilistic_2015, 
  title={Probabilistic Record Linkage and Deduplication after Indexing, Blocking, and Filtering}, 
  volume={7}, 
  _url={https://journalprivacyconfidentiality.org/index.php/jpc/article/view/643}, 
  doi={10.29012/jpc.v7i1.643}, 
  number={1}, 
  journal={Journal of Privacy and Confidentiality}, 
  author={Murray, Jared S.}, 
  year={2015}, 
  month=dec 
}

@article{damlen_gibbs_1999,
  author = {Damlen, P. and Wakefield, J. and Walker, S.},
  title = {{Gibbs sampling for Bayesian non-conjugate and hierarchical models by using auxiliary variables}},
  journal = {Journal of the Royal Statistical Society: Series B (Statistical Methodology)},
  volume = {61},
  number = {2},
  pages = {331--344},
  keywords = {Gibbs sampler, Hierarchical model, Latent variable, Non-conjugate model},
  doi = {10.1111/1467-9868.00179},
  _url = {https://rss.onlinelibrary.wiley.com/doi/abs/10.1111/1467-9868.00179},
  eprint = {https://rss.onlinelibrary.wiley.com/doi/pdf/10.1111/1467-9868.00179},
  year = {1999}
}

@article{chib_understanding_1995,
  author = {Siddhartha Chib and Edward Greenberg},
  title = {{Understanding the Metropolis-Hastings Algorithm}},
  journal = {The American Statistician},
  volume = {49},
  number = {4},
  pages = {327--335},
  year  = {1995},
  publisher = {Taylor & Francis},
  doi = {10.1080/00031305.1995.10476177},
  _url = {https://www.tandfonline.com/doi/abs/10.1080/00031305.1995.10476177},
  eprint = {https://www.tandfonline.com/doi/pdf/10.1080/00031305.1995.10476177}
}

@article{gilks_adaptive_1992,
  author = {Gilks, W. R. and Wild, P.},
  title = {{Adaptive Rejection Sampling for Gibbs Sampling}},
  journal = {Journal of the Royal Statistical Society: Series C (Applied Statistics)},
  volume = {41},
  number = {2},
  pages = {337--348},
  keywords = {Adaptive rejection sampling, Bayesian inference, Gibbs sampling, Log-concave density, Non-conjugate Bayesian models, Simulation},
  doi = {https://doi.org/10.2307/2347565},
  _url = {https://rss.onlinelibrary.wiley.com/doi/abs/10.2307/2347565},
  eprint = {https://rss.onlinelibrary.wiley.com/doi/pdf/10.2307/2347565},
  year = {1992}
}

@article{crouse_implementing_2016,
  author={David F. Crouse},
  journal={IEEE Transactions on Aerospace and Electronic Systems}, 
  title={{On implementing 2D rectangular assignment algorithms}}, 
  year={2016},
  volume={52},
  number={4},
  pages={1679--1696},
  doi={10.1109/TAES.2016.140952}
}

@misc{uscb_cps_2016,
  author = {{U.S. Census Bureau}},
  howpublished = {https://www.census.gov/data/tables/2016/demo/families/cps-2016.html},
  title = {Current Population Survey, 2016 Annual Social and Economic Supplement},
  year = {2016},
  note = {Accessed July 1, 2022}
}

@article{Papadakis2021,
  title = {{The Four Generations of Entity Resolution}},
  author = {Papadakis, George and Ioannou, Ekaterini and Thanos, Emanouil and Palpanas, Themis},
  pages = {1--170},
  year = {2021},
  journal = {Synthesis Lectures on Data Management},
  volume = {16},
  numbers = {2},
  publisher = {Morgan \& Claypool Publishers},
  doi = {10.2200/S01067ED1V01Y202012DTM064}
}

@book{Ilyas2019,
  author = {Ilyas, Ihab F. and Chu, Xu},
  title = {{Data Cleaning}},
  year = {2019},
  isbn = {9781450371520},
  publisher = {Association for Computing Machinery},
  address = {New York, NY, USA},
  doi = {10.1145/3310205},
  isbn = {978-1-4503-7152-0}
}

@article{Christophides2019,
  author = {Christophides, Vassilis and Efthymiou, Vasilis and Palpanas, Themis and Papadakis, George and Stefanidis, Kostas},
  title = {{An Overview of End-to-End Entity Resolution for Big Data}},
  year = {2020},
  publisher = {Association for Computing Machinery},
  address = {New York, NY, USA},
  volume = {53},
  number = {6},
  issn = {0360-0300},
  doi = {10.1145/3418896},
  journal = {ACM Comput. Surv.},
  month = {dec},
  articleno = {127},
  numpages = {42}
}

@book{doan2012principles,
  title = {{Principles of Data Integration}},
  publisher = {Morgan Kaufmann},
  address = {Boston},
  year = {2012},
  isbn = {978-0-12-416044-6},
  doi = {https://doi.org/10.1016/B978-0-12-416044-6.00025-9},
  author = {AnHai Doan and Alon Halevy and Zachary Ives},
  isbn = {978-0-12-416044-6}
}

@article{Dunn1946,
  author = {Dunn, Halbert L},
  journal = {American Journal of Public Health and the Nation's Health},
  issue = {36},
  number = {12},
  year = {1946},
  title = {{Record Linkage}},
  pages = {1412--1416}
}

@book{gamerman_markov_2006,
  author = {Dani Gamerman and Hedibert F. Lopes},
  edition = {Second},
  publisher = {Chapman and Hall/CRC},
  title = {{Markov Chain Monte Carlo: Stochastic Simulation for Bayesian Inference}},
  year = {2006},
  location = {New York},
  doi = {10.1201/9781482296426},
  isbn = {9781584885870}
}

@book{brooks_handbook_2011,
  author = {Steve Brooks and Andrew Gelman and Galin Jones and Xiao-Li Meng},
  publisher = {Chapman and Hall/CRC},
  title = {{Handbook of Markov Chain Monte Carlo}},
  year = {2011},
  isbn = {9781420079418},
  location = {New York},
  edition = {First},
  doi = {10.1201/b10905}
}

@article{goldstein_scaling_2017,
  author = {Goldstein, Harvey and Harron, Katie and Cortina-Borja, Mario},
  title = {A scaling approach to record linkage},
  journal = {Statistics in Medicine},
  volume = {36},
  number = {16},
  pages = {2514--2521},
  doi = {10.1002/sim.7287},
  year = {2017}
}

@article{Blei_2017,
  title={{Variational inference: A review for statisticians}},
  author={Blei, David M and Kucukelbir, Alp and McAuliffe, Jon D},
  journal={Journal of the American statistical Association},
  volume={112},
  number={518},
  pages={859--877},
  year={2017},
  publisher={Taylor \& Francis}
}
